timestamp_ns,symbol,bid_price,ask_price,bid_size,ask_size
1776259800000000000,SPY_DEMO_SYNTHETIC,499.945200,500.055200,24.000000,5.000000
1776259800010000000,SPY_DEMO_SYNTHETIC,499.945403,500.055403,25.000000,6.000000
1776259800020000000,SPY_DEMO_SYNTHETIC,499.945609,500.055609,26.000000,7.000000
1776259800030000000,SPY_DEMO_SYNTHETIC,499.945818,500.055818,27.000000,5.000000
1776259800040000000,SPY_DEMO_SYNTHETIC,499.946029,500.056029,28.000000,6.000000
1776259800050000000,SPY_DEMO_SYNTHETIC,499.946244,500.056244,29.000000,7.000000
1776259800060000000,SPY_DEMO_SYNTHETIC,499.946461,500.056461,30.000000,5.000000
1776259800070000000,SPY_DEMO_SYNTHETIC,499.946681,500.056681,24.000000,6.000000
1776259800080000000,SPY_DEMO_SYNTHETIC,499.946904,500.056904,25.000000,7.000000
1776259800090000000,SPY_DEMO_SYNTHETIC,499.947129,500.057129,26.000000,5.000000
1776259800100000000,SPY_DEMO_SYNTHETIC,499.947357,500.057357,27.000000,6.000000
1776259800110000000,SPY_DEMO_SYNTHETIC,499.947587,500.057587,28.000000,7.000000
1776259800120000000,SPY_DEMO_SYNTHETIC,499.947819,500.057819,29.000000,5.000000
1776259800130000000,SPY_DEMO_SYNTHETIC,499.948054,500.058054,30.000000,6.000000
1776259800140000000,SPY_DEMO_SYNTHETIC,499.948291,500.058291,24.000000,7.000000
1776259800150000000,SPY_DEMO_SYNTHETIC,499.948529,500.058529,25.000000,5.000000
1776259800160000000,SPY_DEMO_SYNTHETIC,499.948770,500.058770,26.000000,6.000000
1776259800170000000,SPY_DEMO_SYNTHETIC,499.949012,500.059012,27.000000,7.000000
1776259800180000000,SPY_DEMO_SYNTHETIC,499.949255,500.059255,28.000000,5.000000
1776259800190000000,SPY_DEMO_SYNTHETIC,499.949500,500.059500,29.000000,6.000000
1776259800200000000,SPY_DEMO_SYNTHETIC,499.949746,500.059746,30.000000,7.000000
1776259800210000000,SPY_DEMO_SYNTHETIC,499.949994,500.059994,24.000000,5.000000
1776259800220000000,SPY_DEMO_SYNTHETIC,499.950242,500.060242,25.000000,6.000000
1776259800230000000,SPY_DEMO_SYNTHETIC,499.950491,500.060491,26.000000,7.000000
1776259800240000000,SPY_DEMO_SYNTHETIC,499.950740,500.060740,27.000000,5.000000
1776259800250000000,SPY_DEMO_SYNTHETIC,499.950990,500.060990,28.000000,6.000000
1776259800260000000,SPY_DEMO_SYNTHETIC,499.951240,500.061240,29.000000,7.000000
1776259800270000000,SPY_DEMO_SYNTHETIC,499.951490,500.061490,30.000000,5.000000
1776259800280000000,SPY_DEMO_SYNTHETIC,499.951739,500.061739,24.000000,6.000000
1776259800290000000,SPY_DEMO_SYNTHETIC,499.951989,500.061989,25.000000,7.000000
1776259800300000000,SPY_DEMO_SYNTHETIC,499.952238,500.062238,26.000000,5.000000
1776259800310000000,SPY_DEMO_SYNTHETIC,499.952486,500.062486,27.000000,6.000000
1776259800320000000,SPY_DEMO_SYNTHETIC,499.952734,500.062734,28.000000,7.000000
1776259800330000000,SPY_DEMO_SYNTHETIC,499.952981,500.062981,29.000000,5.000000
1776259800340000000,SPY_DEMO_SYNTHETIC,499.953226,500.063226,30.000000,6.000000
1776259800350000000,SPY_DEMO_SYNTHETIC,499.953470,500.063470,24.000000,7.000000
1776259800360000000,SPY_DEMO_SYNTHETIC,499.953713,500.063713,25.000000,5.000000
1776259800370000000,SPY_DEMO_SYNTHETIC,499.953954,500.063954,26.000000,6.000000
1776259800380000000,SPY_DEMO_SYNTHETIC,499.954193,500.064193,27.000000,7.000000
1776259800390000000,SPY_DEMO_SYNTHETIC,499.954431,500.064431,28.000000,5.000000
1776259800400000000,SPY_DEMO_SYNTHETIC,499.954666,500.064666,29.000000,6.000000
1776259800410000000,SPY_DEMO_SYNTHETIC,499.954900,500.064900,30.000000,7.000000
1776259800420000000,SPY_DEMO_SYNTHETIC,499.955131,500.065131,24.000000,5.000000
1776259800430000000,SPY_DEMO_SYNTHETIC,499.955360,500.065360,25.000000,6.000000
1776259800440000000,SPY_DEMO_SYNTHETIC,499.955586,500.065586,26.000000,7.000000
1776259800450000000,SPY_DEMO_SYNTHETIC,499.955810,500.065810,27.000000,5.000000
1776259800460000000,SPY_DEMO_SYNTHETIC,499.956031,500.066031,28.000000,6.000000
1776259800470000000,SPY_DEMO_SYNTHETIC,499.956249,500.066249,29.000000,7.000000
1776259800480000000,SPY_DEMO_SYNTHETIC,499.956465,500.066465,30.000000,5.000000
1776259800490000000,SPY_DEMO_SYNTHETIC,499.956678,500.066678,24.000000,6.000000
1776259800500000000,SPY_DEMO_SYNTHETIC,499.956887,500.066887,25.000000,7.000000
1776259800510000000,SPY_DEMO_SYNTHETIC,499.957095,500.067095,26.000000,5.000000
1776259800520000000,SPY_DEMO_SYNTHETIC,499.957299,500.067299,27.000000,6.000000
1776259800530000000,SPY_DEMO_SYNTHETIC,499.957500,500.067500,28.000000,7.000000
1776259800540000000,SPY_DEMO_SYNTHETIC,499.957698,500.067698,29.000000,5.000000
1776259800550000000,SPY_DEMO_SYNTHETIC,499.957893,500.067893,30.000000,6.000000
1776259800560000000,SPY_DEMO_SYNTHETIC,499.958086,500.068086,24.000000,7.000000
1776259800570000000,SPY_DEMO_SYNTHETIC,499.958275,500.068275,25.000000,5.000000
1776259800580000000,SPY_DEMO_SYNTHETIC,499.958462,500.068462,26.000000,6.000000
1776259800590000000,SPY_DEMO_SYNTHETIC,499.958646,500.068646,27.000000,7.000000
1776259800600000000,SPY_DEMO_SYNTHETIC,499.958827,500.068827,28.000000,5.000000
1776259800610000000,SPY_DEMO_SYNTHETIC,499.959005,500.069005,29.000000,6.000000
1776259800620000000,SPY_DEMO_SYNTHETIC,499.959181,500.069181,30.000000,7.000000
1776259800630000000,SPY_DEMO_SYNTHETIC,499.959354,500.069354,24.000000,5.000000
1776259800640000000,SPY_DEMO_SYNTHETIC,499.959525,500.069525,25.000000,6.000000
1776259800650000000,SPY_DEMO_SYNTHETIC,499.959694,500.069694,26.000000,7.000000
1776259800660000000,SPY_DEMO_SYNTHETIC,499.959860,500.069860,27.000000,5.000000
1776259800670000000,SPY_DEMO_SYNTHETIC,499.960024,500.070024,28.000000,6.000000
1776259800680000000,SPY_DEMO_SYNTHETIC,499.960186,500.070186,29.000000,7.000000
1776259800690000000,SPY_DEMO_SYNTHETIC,499.960347,500.070347,30.000000,5.000000
1776259800700000000,SPY_DEMO_SYNTHETIC,499.960505,500.070505,24.000000,6.000000
1776259800710000000,SPY_DEMO_SYNTHETIC,499.960662,500.070662,25.000000,7.000000
1776259800720000000,SPY_DEMO_SYNTHETIC,499.960818,500.070818,26.000000,5.000000
1776259800730000000,SPY_DEMO_SYNTHETIC,499.960972,500.070972,27.000000,6.000000
1776259800740000000,SPY_DEMO_SYNTHETIC,499.961125,500.071125,28.000000,7.000000
1776259800750000000,SPY_DEMO_SYNTHETIC,499.961278,500.071278,29.000000,5.000000
1776259800760000000,SPY_DEMO_SYNTHETIC,499.961429,500.071429,30.000000,6.000000
1776259800770000000,SPY_DEMO_SYNTHETIC,499.961580,500.071580,24.000000,7.000000
1776259800780000000,SPY_DEMO_SYNTHETIC,499.961730,500.071730,25.000000,5.000000
1776259800790000000,SPY_DEMO_SYNTHETIC,499.961880,500.071880,26.000000,6.000000
1776259800800000000,SPY_DEMO_SYNTHETIC,499.962030,500.072030,27.000000,7.000000
1776259800810000000,SPY_DEMO_SYNTHETIC,499.962180,500.072180,28.000000,5.000000
1776259800820000000,SPY_DEMO_SYNTHETIC,499.962331,500.072331,29.000000,6.000000
1776259800830000000,SPY_DEMO_SYNTHETIC,499.962481,500.072481,30.000000,7.000000
1776259800840000000,SPY_DEMO_SYNTHETIC,499.962633,500.072633,24.000000,5.000000
1776259800850000000,SPY_DEMO_SYNTHETIC,499.962785,500.072785,25.000000,6.000000
1776259800860000000,SPY_DEMO_SYNTHETIC,499.962938,500.072938,26.000000,7.000000
1776259800870000000,SPY_DEMO_SYNTHETIC,499.963092,500.073092,27.000000,5.000000
1776259800880000000,SPY_DEMO_SYNTHETIC,499.963247,500.073247,28.000000,6.000000
1776259800890000000,SPY_DEMO_SYNTHETIC,499.963404,500.073404,29.000000,7.000000
1776259800900000000,SPY_DEMO_SYNTHETIC,499.963562,500.073562,30.000000,5.000000
1776259800910000000,SPY_DEMO_SYNTHETIC,499.963722,500.073722,24.000000,6.000000
1776259800920000000,SPY_DEMO_SYNTHETIC,499.963884,500.073884,25.000000,7.000000
1776259800930000000,SPY_DEMO_SYNTHETIC,499.964047,500.074047,26.000000,5.000000
1776259800940000000,SPY_DEMO_SYNTHETIC,499.964213,500.074213,27.000000,6.000000
1776259800950000000,SPY_DEMO_SYNTHETIC,499.964381,500.074381,28.000000,7.000000
1776259800960000000,SPY_DEMO_SYNTHETIC,499.964551,500.074551,29.000000,5.000000
1776259800970000000,SPY_DEMO_SYNTHETIC,499.964724,500.074724,30.000000,6.000000
1776259800980000000,SPY_DEMO_SYNTHETIC,499.964899,500.074899,24.000000,7.000000
1776259800990000000,SPY_DEMO_SYNTHETIC,499.965077,500.075077,25.000000,5.000000
1776259801000000000,SPY_DEMO_SYNTHETIC,499.965258,500.075258,26.000000,6.000000
1776259801010000000,SPY_DEMO_SYNTHETIC,499.965441,500.075441,27.000000,7.000000
1776259801020000000,SPY_DEMO_SYNTHETIC,499.965627,500.075627,28.000000,5.000000
1776259801030000000,SPY_DEMO_SYNTHETIC,499.965816,500.075816,29.000000,6.000000
1776259801040000000,SPY_DEMO_SYNTHETIC,499.966007,500.076007,30.000000,7.000000
1776259801050000000,SPY_DEMO_SYNTHETIC,499.966202,500.076202,24.000000,5.000000
1776259801060000000,SPY_DEMO_SYNTHETIC,499.966400,500.076400,25.000000,6.000000
1776259801070000000,SPY_DEMO_SYNTHETIC,499.966600,500.076600,26.000000,7.000000
1776259801080000000,SPY_DEMO_SYNTHETIC,499.966804,500.076804,27.000000,5.000000
1776259801090000000,SPY_DEMO_SYNTHETIC,499.967010,500.077010,28.000000,6.000000
1776259801100000000,SPY_DEMO_SYNTHETIC,499.967220,500.077220,29.000000,7.000000
1776259801110000000,SPY_DEMO_SYNTHETIC,499.967432,500.077432,30.000000,5.000000
1776259801120000000,SPY_DEMO_SYNTHETIC,499.967647,500.077647,24.000000,6.000000
1776259801130000000,SPY_DEMO_SYNTHETIC,499.967865,500.077865,25.000000,7.000000
1776259801140000000,SPY_DEMO_SYNTHETIC,499.968085,500.078085,26.000000,5.000000
1776259801150000000,SPY_DEMO_SYNTHETIC,499.968308,500.078308,27.000000,6.000000
1776259801160000000,SPY_DEMO_SYNTHETIC,499.968534,500.078534,28.000000,7.000000
1776259801170000000,SPY_DEMO_SYNTHETIC,499.968762,500.078762,29.000000,5.000000
1776259801180000000,SPY_DEMO_SYNTHETIC,499.968993,500.078993,30.000000,6.000000
1776259801190000000,SPY_DEMO_SYNTHETIC,499.969226,500.079226,24.000000,7.000000
1776259801200000000,SPY_DEMO_SYNTHETIC,499.969461,500.079461,25.000000,5.000000
1776259801210000000,SPY_DEMO_SYNTHETIC,499.969698,500.079698,26.000000,6.000000
1776259801220000000,SPY_DEMO_SYNTHETIC,499.969937,500.079937,27.000000,7.000000
1776259801230000000,SPY_DEMO_SYNTHETIC,499.970177,500.080177,28.000000,5.000000
1776259801240000000,SPY_DEMO_SYNTHETIC,499.970420,500.080420,29.000000,6.000000
1776259801250000000,SPY_DEMO_SYNTHETIC,499.970664,500.080664,30.000000,7.000000
1776259801260000000,SPY_DEMO_SYNTHETIC,499.970909,500.080909,24.000000,5.000000
1776259801270000000,SPY_DEMO_SYNTHETIC,499.971155,500.081155,25.000000,6.000000
1776259801280000000,SPY_DEMO_SYNTHETIC,499.971402,500.081402,26.000000,7.000000
1776259801290000000,SPY_DEMO_SYNTHETIC,499.971651,500.081651,27.000000,5.000000
1776259801300000000,SPY_DEMO_SYNTHETIC,499.971900,500.081900,28.000000,6.000000
1776259801310000000,SPY_DEMO_SYNTHETIC,499.972149,500.082149,29.000000,7.000000
1776259801320000000,SPY_DEMO_SYNTHETIC,499.972399,500.082399,30.000000,5.000000
1776259801330000000,SPY_DEMO_SYNTHETIC,499.972649,500.082649,24.000000,6.000000
1776259801340000000,SPY_DEMO_SYNTHETIC,499.972899,500.082899,25.000000,7.000000
1776259801350000000,SPY_DEMO_SYNTHETIC,499.973149,500.083149,26.000000,5.000000
1776259801360000000,SPY_DEMO_SYNTHETIC,499.973398,500.083398,27.000000,6.000000
1776259801370000000,SPY_DEMO_SYNTHETIC,499.973647,500.083647,28.000000,7.000000
1776259801380000000,SPY_DEMO_SYNTHETIC,499.973895,500.083895,29.000000,5.000000
1776259801390000000,SPY_DEMO_SYNTHETIC,499.974143,500.084143,30.000000,6.000000
1776259801400000000,SPY_DEMO_SYNTHETIC,499.974389,500.084389,24.000000,7.000000
1776259801410000000,SPY_DEMO_SYNTHETIC,499.974634,500.084634,25.000000,5.000000
1776259801420000000,SPY_DEMO_SYNTHETIC,499.974878,500.084878,26.000000,6.000000
1776259801430000000,SPY_DEMO_SYNTHETIC,499.975121,500.085121,27.000000,7.000000
1776259801440000000,SPY_DEMO_SYNTHETIC,499.975362,500.085362,28.000000,5.000000
1776259801450000000,SPY_DEMO_SYNTHETIC,499.975601,500.085601,29.000000,6.000000
1776259801460000000,SPY_DEMO_SYNTHETIC,499.975838,500.085838,30.000000,7.000000
1776259801470000000,SPY_DEMO_SYNTHETIC,499.976073,500.086073,24.000000,5.000000
1776259801480000000,SPY_DEMO_SYNTHETIC,499.976306,500.086306,25.000000,6.000000
1776259801490000000,SPY_DEMO_SYNTHETIC,499.976536,500.086536,26.000000,7.000000
1776259801500000000,SPY_DEMO_SYNTHETIC,499.976765,500.086765,27.000000,5.000000
1776259801510000000,SPY_DEMO_SYNTHETIC,499.976990,500.086990,28.000000,6.000000
1776259801520000000,SPY_DEMO_SYNTHETIC,499.977214,500.087214,29.000000,7.000000
1776259801530000000,SPY_DEMO_SYNTHETIC,499.977434,500.087434,30.000000,5.000000
1776259801540000000,SPY_DEMO_SYNTHETIC,499.977652,500.087652,24.000000,6.000000
1776259801550000000,SPY_DEMO_SYNTHETIC,499.977867,500.087867,25.000000,7.000000
1776259801560000000,SPY_DEMO_SYNTHETIC,499.978080,500.088080,26.000000,5.000000
1776259801570000000,SPY_DEMO_SYNTHETIC,499.978289,500.088289,27.000000,6.000000
1776259801580000000,SPY_DEMO_SYNTHETIC,499.978496,500.088496,28.000000,7.000000
1776259801590000000,SPY_DEMO_SYNTHETIC,499.978699,500.088699,29.000000,5.000000
1776259801600000000,SPY_DEMO_SYNTHETIC,499.978900,500.088900,30.000000,6.000000
1776259801610000000,SPY_DEMO_SYNTHETIC,499.979097,500.089097,24.000000,7.000000
1776259801620000000,SPY_DEMO_SYNTHETIC,499.979292,500.089292,25.000000,5.000000
1776259801630000000,SPY_DEMO_SYNTHETIC,499.979484,500.089484,26.000000,6.000000
1776259801640000000,SPY_DEMO_SYNTHETIC,499.979673,500.089673,27.000000,7.000000
1776259801650000000,SPY_DEMO_SYNTHETIC,499.979859,500.089859,28.000000,5.000000
1776259801660000000,SPY_DEMO_SYNTHETIC,499.980043,500.090043,29.000000,6.000000
1776259801670000000,SPY_DEMO_SYNTHETIC,499.980223,500.090223,30.000000,7.000000
1776259801680000000,SPY_DEMO_SYNTHETIC,499.980401,500.090401,24.000000,5.000000
1776259801690000000,SPY_DEMO_SYNTHETIC,499.980576,500.090576,25.000000,6.000000
1776259801700000000,SPY_DEMO_SYNTHETIC,499.980749,500.090749,26.000000,7.000000
1776259801710000000,SPY_DEMO_SYNTHETIC,499.980920,500.090920,27.000000,5.000000
1776259801720000000,SPY_DEMO_SYNTHETIC,499.981088,500.091088,28.000000,6.000000
1776259801730000000,SPY_DEMO_SYNTHETIC,499.981253,500.091253,29.000000,7.000000
1776259801740000000,SPY_DEMO_SYNTHETIC,499.981417,500.091417,30.000000,5.000000
1776259801750000000,SPY_DEMO_SYNTHETIC,499.981579,500.091579,24.000000,6.000000
1776259801760000000,SPY_DEMO_SYNTHETIC,499.981739,500.091739,25.000000,7.000000
1776259801770000000,SPY_DEMO_SYNTHETIC,499.981897,500.091897,26.000000,5.000000
1776259801780000000,SPY_DEMO_SYNTHETIC,499.982054,500.092054,27.000000,6.000000
1776259801790000000,SPY_DEMO_SYNTHETIC,499.982209,500.092209,28.000000,7.000000
1776259801800000000,SPY_DEMO_SYNTHETIC,499.982363,500.092363,29.000000,5.000000
1776259801810000000,SPY_DEMO_SYNTHETIC,499.982516,500.092516,30.000000,6.000000
1776259801820000000,SPY_DEMO_SYNTHETIC,499.982669,500.092669,24.000000,7.000000
1776259801830000000,SPY_DEMO_SYNTHETIC,499.982820,500.092820,25.000000,5.000000
1776259801840000000,SPY_DEMO_SYNTHETIC,499.982971,500.092971,26.000000,6.000000
1776259801850000000,SPY_DEMO_SYNTHETIC,499.983121,500.093121,27.000000,7.000000
1776259801860000000,SPY_DEMO_SYNTHETIC,499.983271,500.093271,28.000000,5.000000
1776259801870000000,SPY_DEMO_SYNTHETIC,499.983421,500.093421,29.000000,6.000000
1776259801880000000,SPY_DEMO_SYNTHETIC,499.983571,500.093571,30.000000,7.000000
1776259801890000000,SPY_DEMO_SYNTHETIC,499.983721,500.093721,24.000000,5.000000
1776259801900000000,SPY_DEMO_SYNTHETIC,499.983872,500.093872,25.000000,6.000000
1776259801910000000,SPY_DEMO_SYNTHETIC,499.984024,500.094024,26.000000,7.000000
1776259801920000000,SPY_DEMO_SYNTHETIC,499.984176,500.094176,27.000000,5.000000
1776259801930000000,SPY_DEMO_SYNTHETIC,499.984329,500.094329,28.000000,6.000000
1776259801940000000,SPY_DEMO_SYNTHETIC,499.984483,500.094483,29.000000,7.000000
1776259801950000000,SPY_DEMO_SYNTHETIC,499.984639,500.094639,30.000000,5.000000
1776259801960000000,SPY_DEMO_SYNTHETIC,499.984796,500.094796,24.000000,6.000000
1776259801970000000,SPY_DEMO_SYNTHETIC,499.984954,500.094954,25.000000,7.000000
1776259801980000000,SPY_DEMO_SYNTHETIC,499.985115,500.095115,26.000000,5.000000
1776259801990000000,SPY_DEMO_SYNTHETIC,499.985277,500.095277,27.000000,6.000000
1776259802000000000,SPY_DEMO_SYNTHETIC,499.985441,500.095441,28.000000,7.000000
1776259802010000000,SPY_DEMO_SYNTHETIC,499.985607,500.095607,29.000000,5.000000
1776259802020000000,SPY_DEMO_SYNTHETIC,499.985775,500.095775,30.000000,6.000000
1776259802030000000,SPY_DEMO_SYNTHETIC,499.985946,500.095946,24.000000,7.000000
1776259802040000000,SPY_DEMO_SYNTHETIC,499.986119,500.096119,25.000000,5.000000
1776259802050000000,SPY_DEMO_SYNTHETIC,499.986295,500.096295,26.000000,6.000000
1776259802060000000,SPY_DEMO_SYNTHETIC,499.986473,500.096473,27.000000,7.000000
1776259802070000000,SPY_DEMO_SYNTHETIC,499.986654,500.096654,28.000000,5.000000
1776259802080000000,SPY_DEMO_SYNTHETIC,499.986838,500.096838,29.000000,6.000000
1776259802090000000,SPY_DEMO_SYNTHETIC,499.987025,500.097025,30.000000,7.000000
1776259802100000000,SPY_DEMO_SYNTHETIC,499.987214,500.097214,24.000000,5.000000
1776259802110000000,SPY_DEMO_SYNTHETIC,499.987406,500.097406,25.000000,6.000000
1776259802120000000,SPY_DEMO_SYNTHETIC,499.987602,500.097602,26.000000,7.000000
1776259802130000000,SPY_DEMO_SYNTHETIC,499.987800,500.097800,27.000000,5.000000
1776259802140000000,SPY_DEMO_SYNTHETIC,499.988001,500.098001,28.000000,6.000000
1776259802150000000,SPY_DEMO_SYNTHETIC,499.988205,500.098205,29.000000,7.000000
1776259802160000000,SPY_DEMO_SYNTHETIC,499.988412,500.098412,30.000000,5.000000
1776259802170000000,SPY_DEMO_SYNTHETIC,499.988622,500.098622,24.000000,6.000000
1776259802180000000,SPY_DEMO_SYNTHETIC,499.988834,500.098834,25.000000,7.000000
1776259802190000000,SPY_DEMO_SYNTHETIC,499.989050,500.099050,26.000000,5.000000
1776259802200000000,SPY_DEMO_SYNTHETIC,499.989268,500.099268,27.000000,6.000000
1776259802210000000,SPY_DEMO_SYNTHETIC,499.989489,500.099489,28.000000,7.000000
1776259802220000000,SPY_DEMO_SYNTHETIC,499.989713,500.099713,29.000000,5.000000
1776259802230000000,SPY_DEMO_SYNTHETIC,499.989939,500.099939,30.000000,6.000000
1776259802240000000,SPY_DEMO_SYNTHETIC,499.990168,500.100168,24.000000,7.000000
1776259802250000000,SPY_DEMO_SYNTHETIC,499.990399,500.100399,25.000000,5.000000
1776259802260000000,SPY_DEMO_SYNTHETIC,499.990632,500.100632,26.000000,6.000000
1776259802270000000,SPY_DEMO_SYNTHETIC,499.990867,500.100867,27.000000,7.000000
1776259802280000000,SPY_DEMO_SYNTHETIC,499.991105,500.101105,28.000000,5.000000
1776259802290000000,SPY_DEMO_SYNTHETIC,499.991344,500.101344,29.000000,6.000000
1776259802300000000,SPY_DEMO_SYNTHETIC,499.991585,500.101585,30.000000,7.000000
1776259802310000000,SPY_DEMO_SYNTHETIC,499.991828,500.101828,24.000000,5.000000
1776259802320000000,SPY_DEMO_SYNTHETIC,499.992072,500.102072,25.000000,6.000000
1776259802330000000,SPY_DEMO_SYNTHETIC,499.992317,500.102317,26.000000,7.000000
1776259802340000000,SPY_DEMO_SYNTHETIC,499.992564,500.102564,27.000000,5.000000
1776259802350000000,SPY_DEMO_SYNTHETIC,499.992811,500.102811,28.000000,6.000000
1776259802360000000,SPY_DEMO_SYNTHETIC,499.993060,500.103060,29.000000,7.000000
1776259802370000000,SPY_DEMO_SYNTHETIC,499.993309,500.103309,30.000000,5.000000
1776259802380000000,SPY_DEMO_SYNTHETIC,499.993558,500.103558,24.000000,6.000000
1776259802390000000,SPY_DEMO_SYNTHETIC,499.993808,500.103808,25.000000,7.000000
1776259802400000000,SPY_DEMO_SYNTHETIC,499.994058,500.104058,26.000000,5.000000
1776259802410000000,SPY_DEMO_SYNTHETIC,499.994308,500.104308,27.000000,6.000000
1776259802420000000,SPY_DEMO_SYNTHETIC,499.994558,500.104558,28.000000,7.000000
1776259802430000000,SPY_DEMO_SYNTHETIC,499.994807,500.104807,29.000000,5.000000
1776259802440000000,SPY_DEMO_SYNTHETIC,499.995056,500.105056,30.000000,6.000000
1776259802450000000,SPY_DEMO_SYNTHETIC,499.995304,500.105304,24.000000,7.000000
1776259802460000000,SPY_DEMO_SYNTHETIC,499.995551,500.105551,25.000000,5.000000
1776259802470000000,SPY_DEMO_SYNTHETIC,499.995798,500.105798,26.000000,6.000000
1776259802480000000,SPY_DEMO_SYNTHETIC,499.996043,500.106043,27.000000,7.000000
1776259802490000000,SPY_DEMO_SYNTHETIC,499.996286,500.106286,28.000000,5.000000
1776259802500000000,SPY_DEMO_SYNTHETIC,499.996528,500.106528,29.000000,6.000000
1776259802510000000,SPY_DEMO_SYNTHETIC,499.996769,500.106769,30.000000,7.000000
1776259802520000000,SPY_DEMO_SYNTHETIC,499.997008,500.107008,24.000000,5.000000
1776259802530000000,SPY_DEMO_SYNTHETIC,499.997244,500.107244,25.000000,6.000000
1776259802540000000,SPY_DEMO_SYNTHETIC,499.997479,500.107479,26.000000,7.000000
1776259802550000000,SPY_DEMO_SYNTHETIC,499.997712,500.107712,27.000000,5.000000
1776259802560000000,SPY_DEMO_SYNTHETIC,499.997942,500.107942,28.000000,6.000000
1776259802570000000,SPY_DEMO_SYNTHETIC,499.998170,500.108170,29.000000,7.000000
1776259802580000000,SPY_DEMO_SYNTHETIC,499.998395,500.108395,30.000000,5.000000
1776259802590000000,SPY_DEMO_SYNTHETIC,499.998618,500.108618,24.000000,6.000000
1776259802600000000,SPY_DEMO_SYNTHETIC,499.998838,500.108838,25.000000,7.000000
1776259802610000000,SPY_DEMO_SYNTHETIC,499.999055,500.109055,26.000000,5.000000
1776259802620000000,SPY_DEMO_SYNTHETIC,499.999270,500.109270,27.000000,6.000000
1776259802630000000,SPY_DEMO_SYNTHETIC,499.999482,500.109482,28.000000,7.000000
1776259802640000000,SPY_DEMO_SYNTHETIC,499.999690,500.109690,29.000000,5.000000
1776259802650000000,SPY_DEMO_SYNTHETIC,499.999896,500.109896,30.000000,6.000000
1776259802660000000,SPY_DEMO_SYNTHETIC,500.000099,500.110099,24.000000,7.000000
1776259802670000000,SPY_DEMO_SYNTHETIC,500.000300,500.110300,25.000000,5.000000
1776259802680000000,SPY_DEMO_SYNTHETIC,500.000497,500.110497,26.000000,6.000000
1776259802690000000,SPY_DEMO_SYNTHETIC,500.000691,500.110691,27.000000,7.000000
1776259802700000000,SPY_DEMO_SYNTHETIC,500.000882,500.110882,28.000000,5.000000
1776259802710000000,SPY_DEMO_SYNTHETIC,500.001071,500.111071,29.000000,6.000000
1776259802720000000,SPY_DEMO_SYNTHETIC,500.001256,500.111256,30.000000,7.000000
1776259802730000000,SPY_DEMO_SYNTHETIC,500.001439,500.111439,24.000000,5.000000
1776259802740000000,SPY_DEMO_SYNTHETIC,500.001619,500.111619,25.000000,6.000000
1776259802750000000,SPY_DEMO_SYNTHETIC,500.001797,500.111797,26.000000,7.000000
1776259802760000000,SPY_DEMO_SYNTHETIC,500.001971,500.111971,27.000000,5.000000
1776259802770000000,SPY_DEMO_SYNTHETIC,500.002144,500.112144,28.000000,6.000000
1776259802780000000,SPY_DEMO_SYNTHETIC,500.002314,500.112314,29.000000,7.000000
1776259802790000000,SPY_DEMO_SYNTHETIC,500.002481,500.112481,30.000000,5.000000
1776259802800000000,SPY_DEMO_SYNTHETIC,500.002647,500.112647,24.000000,6.000000
1776259802810000000,SPY_DEMO_SYNTHETIC,500.002810,500.112810,25.000000,7.000000
1776259802820000000,SPY_DEMO_SYNTHETIC,500.002972,500.112972,26.000000,5.000000
1776259802830000000,SPY_DEMO_SYNTHETIC,500.003131,500.113131,27.000000,6.000000
1776259802840000000,SPY_DEMO_SYNTHETIC,500.003289,500.113289,28.000000,7.000000
1776259802850000000,SPY_DEMO_SYNTHETIC,500.003446,500.113446,29.000000,5.000000
1776259802860000000,SPY_DEMO_SYNTHETIC,500.003601,500.113601,30.000000,6.000000
1776259802870000000,SPY_DEMO_SYNTHETIC,500.003755,500.113755,24.000000,7.000000
1776259802880000000,SPY_DEMO_SYNTHETIC,500.003908,500.113908,25.000000,5.000000
1776259802890000000,SPY_DEMO_SYNTHETIC,500.004060,500.114060,26.000000,6.000000
1776259802900000000,SPY_DEMO_SYNTHETIC,500.004211,500.114211,27.000000,7.000000
1776259802910000000,SPY_DEMO_SYNTHETIC,500.004361,500.114361,28.000000,5.000000
1776259802920000000,SPY_DEMO_SYNTHETIC,500.004512,500.114512,29.000000,6.000000
1776259802930000000,SPY_DEMO_SYNTHETIC,500.004662,500.114662,30.000000,7.000000
1776259802940000000,SPY_DEMO_SYNTHETIC,500.004812,500.114812,24.000000,5.000000
1776259802950000000,SPY_DEMO_SYNTHETIC,500.004962,500.114962,25.000000,6.000000
1776259802960000000,SPY_DEMO_SYNTHETIC,500.005112,500.115112,26.000000,7.000000
1776259802970000000,SPY_DEMO_SYNTHETIC,500.005263,500.115263,27.000000,5.000000
1776259802980000000,SPY_DEMO_SYNTHETIC,500.005415,500.115415,28.000000,6.000000
1776259802990000000,SPY_DEMO_SYNTHETIC,500.005567,500.115567,29.000000,7.000000
1776259803000000000,SPY_DEMO_SYNTHETIC,500.005720,500.115720,30.000000,5.000000
1776259803010000000,SPY_DEMO_SYNTHETIC,500.005875,500.115875,24.000000,6.000000
1776259803020000000,SPY_DEMO_SYNTHETIC,500.006031,500.116031,25.000000,7.000000
1776259803030000000,SPY_DEMO_SYNTHETIC,500.006188,500.116188,26.000000,5.000000
1776259803040000000,SPY_DEMO_SYNTHETIC,500.006347,500.116347,27.000000,6.000000
1776259803050000000,SPY_DEMO_SYNTHETIC,500.006507,500.116507,28.000000,7.000000
1776259803060000000,SPY_DEMO_SYNTHETIC,500.006670,500.116670,29.000000,5.000000
1776259803070000000,SPY_DEMO_SYNTHETIC,500.006834,500.116834,30.000000,6.000000
1776259803080000000,SPY_DEMO_SYNTHETIC,500.007001,500.117001,24.000000,7.000000
1776259803090000000,SPY_DEMO_SYNTHETIC,500.007170,500.117170,25.000000,5.000000
1776259803100000000,SPY_DEMO_SYNTHETIC,500.007341,500.117341,26.000000,6.000000
1776259803110000000,SPY_DEMO_SYNTHETIC,500.007515,500.117515,27.000000,7.000000
1776259803120000000,SPY_DEMO_SYNTHETIC,500.007691,500.117691,28.000000,5.000000
1776259803130000000,SPY_DEMO_SYNTHETIC,500.007870,500.117870,29.000000,6.000000
1776259803140000000,SPY_DEMO_SYNTHETIC,500.008051,500.118051,30.000000,7.000000
1776259803150000000,SPY_DEMO_SYNTHETIC,500.008235,500.118235,24.000000,5.000000
1776259803160000000,SPY_DEMO_SYNTHETIC,500.008422,500.118422,25.000000,6.000000
1776259803170000000,SPY_DEMO_SYNTHETIC,500.008612,500.118612,26.000000,7.000000
1776259803180000000,SPY_DEMO_SYNTHETIC,500.008805,500.118805,27.000000,5.000000
1776259803190000000,SPY_DEMO_SYNTHETIC,500.009001,500.119001,28.000000,6.000000
1776259803200000000,SPY_DEMO_SYNTHETIC,500.009200,500.119200,29.000000,7.000000
1776259803210000000,SPY_DEMO_SYNTHETIC,500.009401,500.119401,30.000000,5.000000
1776259803220000000,SPY_DEMO_SYNTHETIC,500.009606,500.119606,24.000000,6.000000
1776259803230000000,SPY_DEMO_SYNTHETIC,500.009813,500.119813,25.000000,7.000000
1776259803240000000,SPY_DEMO_SYNTHETIC,500.010024,500.120024,26.000000,5.000000
1776259803250000000,SPY_DEMO_SYNTHETIC,500.010237,500.120237,27.000000,6.000000
1776259803260000000,SPY_DEMO_SYNTHETIC,500.010453,500.120453,28.000000,7.000000
1776259803270000000,SPY_DEMO_SYNTHETIC,500.010672,500.120672,29.000000,5.000000
1776259803280000000,SPY_DEMO_SYNTHETIC,500.010893,500.120893,30.000000,6.000000
1776259803290000000,SPY_DEMO_SYNTHETIC,500.011117,500.121117,24.000000,7.000000
1776259803300000000,SPY_DEMO_SYNTHETIC,500.011344,500.121344,25.000000,5.000000
1776259803310000000,SPY_DEMO_SYNTHETIC,500.011573,500.121573,26.000000,6.000000
1776259803320000000,SPY_DEMO_SYNTHETIC,500.011805,500.121805,27.000000,7.000000
1776259803330000000,SPY_DEMO_SYNTHETIC,500.012038,500.122038,28.000000,5.000000
1776259803340000000,SPY_DEMO_SYNTHETIC,500.012274,500.122274,29.000000,6.000000
1776259803350000000,SPY_DEMO_SYNTHETIC,500.012512,500.122512,30.000000,7.000000
1776259803360000000,SPY_DEMO_SYNTHETIC,500.012751,500.122751,24.000000,5.000000
1776259803370000000,SPY_DEMO_SYNTHETIC,500.012993,500.122993,25.000000,6.000000
1776259803380000000,SPY_DEMO_SYNTHETIC,500.013236,500.123236,26.000000,7.000000
1776259803390000000,SPY_DEMO_SYNTHETIC,500.013480,500.123480,27.000000,5.000000
1776259803400000000,SPY_DEMO_SYNTHETIC,500.013726,500.123726,28.000000,6.000000
1776259803410000000,SPY_DEMO_SYNTHETIC,500.013973,500.123973,29.000000,7.000000
1776259803420000000,SPY_DEMO_SYNTHETIC,500.014220,500.124220,30.000000,5.000000
1776259803430000000,SPY_DEMO_SYNTHETIC,500.014469,500.124469,24.000000,6.000000
1776259803440000000,SPY_DEMO_SYNTHETIC,500.014718,500.124718,25.000000,7.000000
1776259803450000000,SPY_DEMO_SYNTHETIC,500.014968,500.124968,26.000000,5.000000
1776259803460000000,SPY_DEMO_SYNTHETIC,500.015217,500.125217,27.000000,6.000000
1776259803470000000,SPY_DEMO_SYNTHETIC,500.015467,500.125467,28.000000,7.000000
1776259803480000000,SPY_DEMO_SYNTHETIC,500.015717,500.125717,29.000000,5.000000
1776259803490000000,SPY_DEMO_SYNTHETIC,500.015967,500.125967,30.000000,6.000000
1776259803500000000,SPY_DEMO_SYNTHETIC,500.016216,500.126216,24.000000,7.000000
1776259803510000000,SPY_DEMO_SYNTHETIC,500.016465,500.126465,25.000000,5.000000
1776259803520000000,SPY_DEMO_SYNTHETIC,500.016713,500.126713,26.000000,6.000000
1776259803530000000,SPY_DEMO_SYNTHETIC,500.016960,500.126960,27.000000,7.000000
1776259803540000000,SPY_DEMO_SYNTHETIC,500.017206,500.127206,28.000000,5.000000
1776259803550000000,SPY_DEMO_SYNTHETIC,500.017451,500.127451,29.000000,6.000000
1776259803560000000,SPY_DEMO_SYNTHETIC,500.017694,500.127694,30.000000,7.000000
1776259803570000000,SPY_DEMO_SYNTHETIC,500.017936,500.127936,24.000000,5.000000
1776259803580000000,SPY_DEMO_SYNTHETIC,500.018176,500.128176,25.000000,6.000000
1776259803590000000,SPY_DEMO_SYNTHETIC,500.018415,500.128415,26.000000,7.000000
1776259803600000000,SPY_DEMO_SYNTHETIC,500.018651,500.128651,27.000000,5.000000
1776259803610000000,SPY_DEMO_SYNTHETIC,500.018885,500.128885,28.000000,6.000000
1776259803620000000,SPY_DEMO_SYNTHETIC,500.019117,500.129117,29.000000,7.000000
1776259803630000000,SPY_DEMO_SYNTHETIC,500.019347,500.129347,30.000000,5.000000
1776259803640000000,SPY_DEMO_SYNTHETIC,500.019575,500.129575,24.000000,6.000000
1776259803650000000,SPY_DEMO_SYNTHETIC,500.019799,500.129799,25.000000,7.000000
1776259803660000000,SPY_DEMO_SYNTHETIC,500.020022,500.130022,26.000000,5.000000
1776259803670000000,SPY_DEMO_SYNTHETIC,500.020241,500.130241,27.000000,6.000000
1776259803680000000,SPY_DEMO_SYNTHETIC,500.020458,500.130458,28.000000,7.000000
1776259803690000000,SPY_DEMO_SYNTHETIC,500.020672,500.130672,29.000000,5.000000
1776259803700000000,SPY_DEMO_SYNTHETIC,500.020883,500.130883,30.000000,6.000000
1776259803710000000,SPY_DEMO_SYNTHETIC,500.021092,500.131092,24.000000,7.000000
1776259803720000000,SPY_DEMO_SYNTHETIC,500.021297,500.131297,25.000000,5.000000
1776259803730000000,SPY_DEMO_SYNTHETIC,500.021500,500.131500,26.000000,6.000000
1776259803740000000,SPY_DEMO_SYNTHETIC,500.021699,500.131699,27.000000,7.000000
1776259803750000000,SPY_DEMO_SYNTHETIC,500.021896,500.131896,28.000000,5.000000
1776259803760000000,SPY_DEMO_SYNTHETIC,500.022090,500.132090,29.000000,6.000000
1776259803770000000,SPY_DEMO_SYNTHETIC,500.022280,500.132280,30.000000,7.000000
1776259803780000000,SPY_DEMO_SYNTHETIC,500.022468,500.132468,24.000000,5.000000
1776259803790000000,SPY_DEMO_SYNTHETIC,500.022653,500.132653,25.000000,6.000000
1776259803800000000,SPY_DEMO_SYNTHETIC,500.022836,500.132836,26.000000,7.000000
1776259803810000000,SPY_DEMO_SYNTHETIC,500.023015,500.133015,27.000000,5.000000
1776259803820000000,SPY_DEMO_SYNTHETIC,500.023192,500.133192,28.000000,6.000000
1776259803830000000,SPY_DEMO_SYNTHETIC,500.023367,500.133367,29.000000,7.000000
1776259803840000000,SPY_DEMO_SYNTHETIC,500.023538,500.133538,30.000000,5.000000
1776259803850000000,SPY_DEMO_SYNTHETIC,500.023708,500.133708,24.000000,6.000000
1776259803860000000,SPY_DEMO_SYNTHETIC,500.023875,500.133875,25.000000,7.000000
1776259803870000000,SPY_DEMO_SYNTHETIC,500.024040,500.134040,26.000000,5.000000
1776259803880000000,SPY_DEMO_SYNTHETIC,500.024203,500.134203,27.000000,6.000000
1776259803890000000,SPY_DEMO_SYNTHETIC,500.024364,500.134364,28.000000,7.000000
1776259803900000000,SPY_DEMO_SYNTHETIC,500.024524,500.134524,29.000000,5.000000
1776259803910000000,SPY_DEMO_SYNTHETIC,500.024681,500.134681,30.000000,6.000000
1776259803920000000,SPY_DEMO_SYNTHETIC,500.024838,500.134838,24.000000,7.000000
1776259803930000000,SPY_DEMO_SYNTHETIC,500.024992,500.134992,25.000000,5.000000
1776259803940000000,SPY_DEMO_SYNTHETIC,500.025146,500.135146,26.000000,6.000000
1776259803950000000,SPY_DEMO_SYNTHETIC,500.025299,500.135299,27.000000,7.000000
1776259803960000000,SPY_DEMO_SYNTHETIC,500.025451,500.135451,28.000000,5.000000
1776259803970000000,SPY_DEMO_SYNTHETIC,500.025602,500.135602,29.000000,6.000000
1776259803980000000,SPY_DEMO_SYNTHETIC,500.025752,500.135752,30.000000,7.000000
1776259803990000000,SPY_DEMO_SYNTHETIC,500.025902,500.135902,24.000000,5.000000
1776259804000000000,SPY_DEMO_SYNTHETIC,500.026052,500.136052,25.000000,6.000000
1776259804010000000,SPY_DEMO_SYNTHETIC,500.026202,500.136202,26.000000,7.000000
1776259804020000000,SPY_DEMO_SYNTHETIC,500.026353,500.136353,27.000000,5.000000
1776259804030000000,SPY_DEMO_SYNTHETIC,500.026503,500.136503,28.000000,6.000000
1776259804040000000,SPY_DEMO_SYNTHETIC,500.026654,500.136654,29.000000,7.000000
1776259804050000000,SPY_DEMO_SYNTHETIC,500.026806,500.136806,30.000000,5.000000
1776259804060000000,SPY_DEMO_SYNTHETIC,500.026958,500.136958,24.000000,6.000000
1776259804070000000,SPY_DEMO_SYNTHETIC,500.027112,500.137112,25.000000,7.000000
1776259804080000000,SPY_DEMO_SYNTHETIC,500.027267,500.137267,26.000000,5.000000
1776259804090000000,SPY_DEMO_SYNTHETIC,500.027423,500.137423,27.000000,6.000000
1776259804100000000,SPY_DEMO_SYNTHETIC,500.027580,500.137580,28.000000,7.000000
1776259804110000000,SPY_DEMO_SYNTHETIC,500.027739,500.137739,29.000000,5.000000
1776259804120000000,SPY_DEMO_SYNTHETIC,500.027900,500.137900,30.000000,6.000000
1776259804130000000,SPY_DEMO_SYNTHETIC,500.028063,500.138063,24.000000,7.000000
1776259804140000000,SPY_DEMO_SYNTHETIC,500.028228,500.138228,25.000000,5.000000
1776259804150000000,SPY_DEMO_SYNTHETIC,500.028395,500.138395,26.000000,6.000000
1776259804160000000,SPY_DEMO_SYNTHETIC,500.028564,500.138564,27.000000,7.000000
1776259804170000000,SPY_DEMO_SYNTHETIC,500.028736,500.138736,28.000000,5.000000
1776259804180000000,SPY_DEMO_SYNTHETIC,500.028910,500.138910,29.000000,6.000000
1776259804190000000,SPY_DEMO_SYNTHETIC,500.029087,500.139087,30.000000,7.000000
1776259804200000000,SPY_DEMO_SYNTHETIC,500.029266,500.139266,24.000000,5.000000
1776259804210000000,SPY_DEMO_SYNTHETIC,500.029448,500.139448,25.000000,6.000000
1776259804220000000,SPY_DEMO_SYNTHETIC,500.029633,500.139633,26.000000,7.000000
1776259804230000000,SPY_DEMO_SYNTHETIC,500.029820,500.139820,27.000000,5.000000
1776259804240000000,SPY_DEMO_SYNTHETIC,500.030011,500.140011,28.000000,6.000000
1776259804250000000,SPY_DEMO_SYNTHETIC,500.030204,500.140204,29.000000,7.000000
1776259804260000000,SPY_DEMO_SYNTHETIC,500.030400,500.140400,30.000000,5.000000
1776259804270000000,SPY_DEMO_SYNTHETIC,500.030600,500.140600,24.000000,6.000000
1776259804280000000,SPY_DEMO_SYNTHETIC,500.030802,500.140802,25.000000,7.000000
1776259804290000000,SPY_DEMO_SYNTHETIC,500.031007,500.141007,26.000000,5.000000
1776259804300000000,SPY_DEMO_SYNTHETIC,500.031215,500.141215,27.000000,6.000000
1776259804310000000,SPY_DEMO_SYNTHETIC,500.031426,500.141426,28.000000,7.000000
1776259804320000000,SPY_DEMO_SYNTHETIC,500.031640,500.141640,29.000000,5.000000
1776259804330000000,SPY_DEMO_SYNTHETIC,500.031856,500.141856,30.000000,6.000000
1776259804340000000,SPY_DEMO_SYNTHETIC,500.032076,500.142076,24.000000,7.000000
1776259804350000000,SPY_DEMO_SYNTHETIC,500.032298,500.142298,25.000000,5.000000
1776259804360000000,SPY_DEMO_SYNTHETIC,500.032522,500.142522,26.000000,6.000000
1776259804370000000,SPY_DEMO_SYNTHETIC,500.032749,500.142749,27.000000,7.000000
1776259804380000000,SPY_DEMO_SYNTHETIC,500.032979,500.142979,28.000000,5.000000
1776259804390000000,SPY_DEMO_SYNTHETIC,500.033211,500.143211,29.000000,6.000000
1776259804400000000,SPY_DEMO_SYNTHETIC,500.033445,500.143445,30.000000,7.000000
1776259804410000000,SPY_DEMO_SYNTHETIC,500.033681,500.143681,24.000000,5.000000
1776259804420000000,SPY_DEMO_SYNTHETIC,500.033919,500.143919,25.000000,6.000000
1776259804430000000,SPY_DEMO_SYNTHETIC,500.034159,500.144159,26.000000,7.000000
1776259804440000000,SPY_DEMO_SYNTHETIC,500.034401,500.144401,27.000000,5.000000
1776259804450000000,SPY_DEMO_SYNTHETIC,500.034644,500.144644,28.000000,6.000000
1776259804460000000,SPY_DEMO_SYNTHETIC,500.034889,500.144889,29.000000,7.000000
1776259804470000000,SPY_DEMO_SYNTHETIC,500.035134,500.145134,30.000000,5.000000
1776259804480000000,SPY_DEMO_SYNTHETIC,500.035381,500.145381,24.000000,6.000000
1776259804490000000,SPY_DEMO_SYNTHETIC,500.035629,500.145629,25.000000,7.000000
1776259804500000000,SPY_DEMO_SYNTHETIC,500.035878,500.145878,26.000000,5.000000
1776259804510000000,SPY_DEMO_SYNTHETIC,500.036127,500.146127,27.000000,6.000000
1776259804520000000,SPY_DEMO_SYNTHETIC,500.036377,500.146377,28.000000,7.000000
1776259804530000000,SPY_DEMO_SYNTHETIC,500.036627,500.146627,29.000000,5.000000
1776259804540000000,SPY_DEMO_SYNTHETIC,500.036877,500.146877,30.000000,6.000000
1776259804550000000,SPY_DEMO_SYNTHETIC,500.037127,500.147127,24.000000,7.000000
1776259804560000000,SPY_DEMO_SYNTHETIC,500.037376,500.147376,25.000000,5.000000
1776259804570000000,SPY_DEMO_SYNTHETIC,500.037625,500.147625,26.000000,6.000000
1776259804580000000,SPY_DEMO_SYNTHETIC,500.037874,500.147874,27.000000,7.000000
1776259804590000000,SPY_DEMO_SYNTHETIC,500.038122,500.148122,28.000000,5.000000
1776259804600000000,SPY_DEMO_SYNTHETIC,500.038369,500.148369,29.000000,6.000000
1776259804610000000,SPY_DEMO_SYNTHETIC,500.038615,500.148615,30.000000,7.000000
1776259804620000000,SPY_DEMO_SYNTHETIC,500.038859,500.148859,24.000000,5.000000
1776259804630000000,SPY_DEMO_SYNTHETIC,500.039102,500.149102,25.000000,6.000000
1776259804640000000,SPY_DEMO_SYNTHETIC,500.039344,500.149344,26.000000,7.000000
1776259804650000000,SPY_DEMO_SYNTHETIC,500.039584,500.149584,27.000000,5.000000
1776259804660000000,SPY_DEMO_SYNTHETIC,500.039821,500.149821,28.000000,6.000000
1776259804670000000,SPY_DEMO_SYNTHETIC,500.040057,500.150057,29.000000,7.000000
1776259804680000000,SPY_DEMO_SYNTHETIC,500.040291,500.150291,30.000000,5.000000
1776259804690000000,SPY_DEMO_SYNTHETIC,500.040523,500.150523,24.000000,6.000000
1776259804700000000,SPY_DEMO_SYNTHETIC,500.040752,500.150752,25.000000,7.000000
1776259804710000000,SPY_DEMO_SYNTHETIC,500.040979,500.150979,26.000000,5.000000
1776259804720000000,SPY_DEMO_SYNTHETIC,500.041204,500.151204,27.000000,6.000000
1776259804730000000,SPY_DEMO_SYNTHETIC,500.041426,500.151426,28.000000,7.000000
1776259804740000000,SPY_DEMO_SYNTHETIC,500.041645,500.151645,29.000000,5.000000
1776259804750000000,SPY_DEMO_SYNTHETIC,500.041861,500.151861,30.000000,6.000000
1776259804760000000,SPY_DEMO_SYNTHETIC,500.042075,500.152075,24.000000,7.000000
1776259804770000000,SPY_DEMO_SYNTHETIC,500.042285,500.152285,25.000000,5.000000
1776259804780000000,SPY_DEMO_SYNTHETIC,500.042493,500.152493,26.000000,6.000000
1776259804790000000,SPY_DEMO_SYNTHETIC,500.042698,500.152698,27.000000,7.000000
1776259804800000000,SPY_DEMO_SYNTHETIC,500.042688,500.152688,16.000000,8.000000
1776259804810000000,SPY_DEMO_SYNTHETIC,500.042680,500.152680,17.000000,9.000000
1776259804820000000,SPY_DEMO_SYNTHETIC,500.042675,500.152675,18.000000,10.000000
1776259804830000000,SPY_DEMO_SYNTHETIC,500.042673,500.152673,19.000000,11.000000
1776259804840000000,SPY_DEMO_SYNTHETIC,500.042674,500.152674,20.000000,8.000000
1776259804850000000,SPY_DEMO_SYNTHETIC,500.042677,500.152677,16.000000,9.000000
1776259804860000000,SPY_DEMO_SYNTHETIC,500.042683,500.152683,17.000000,10.000000
1776259804870000000,SPY_DEMO_SYNTHETIC,500.042691,500.152691,18.000000,11.000000
1776259804880000000,SPY_DEMO_SYNTHETIC,500.042703,500.152703,19.000000,8.000000
1776259804890000000,SPY_DEMO_SYNTHETIC,500.042716,500.152716,20.000000,9.000000
1776259804900000000,SPY_DEMO_SYNTHETIC,500.042732,500.152732,16.000000,10.000000
1776259804910000000,SPY_DEMO_SYNTHETIC,500.042750,500.152750,17.000000,11.000000
1776259804920000000,SPY_DEMO_SYNTHETIC,500.042771,500.152771,18.000000,8.000000
1776259804930000000,SPY_DEMO_SYNTHETIC,500.042793,500.152793,19.000000,9.000000
1776259804940000000,SPY_DEMO_SYNTHETIC,500.042817,500.152817,20.000000,10.000000
1776259804950000000,SPY_DEMO_SYNTHETIC,500.042843,500.152843,16.000000,11.000000
1776259804960000000,SPY_DEMO_SYNTHETIC,500.042869,500.152869,17.000000,8.000000
1776259804970000000,SPY_DEMO_SYNTHETIC,500.042897,500.152897,18.000000,9.000000
1776259804980000000,SPY_DEMO_SYNTHETIC,500.042926,500.152926,19.000000,10.000000
1776259804990000000,SPY_DEMO_SYNTHETIC,500.042956,500.152956,20.000000,11.000000
1776259805000000000,SPY_DEMO_SYNTHETIC,500.042986,500.152986,16.000000,8.000000
1776259805010000000,SPY_DEMO_SYNTHETIC,500.043016,500.153016,17.000000,9.000000
1776259805020000000,SPY_DEMO_SYNTHETIC,500.043045,500.153045,18.000000,10.000000
1776259805030000000,SPY_DEMO_SYNTHETIC,500.043075,500.153075,19.000000,11.000000
1776259805040000000,SPY_DEMO_SYNTHETIC,500.043104,500.153104,20.000000,8.000000
1776259805050000000,SPY_DEMO_SYNTHETIC,500.043132,500.153132,16.000000,9.000000
1776259805060000000,SPY_DEMO_SYNTHETIC,500.043159,500.153159,17.000000,10.000000
1776259805070000000,SPY_DEMO_SYNTHETIC,500.043185,500.153185,18.000000,11.000000
1776259805080000000,SPY_DEMO_SYNTHETIC,500.043209,500.153209,19.000000,8.000000
1776259805090000000,SPY_DEMO_SYNTHETIC,500.043232,500.153232,20.000000,9.000000
1776259805100000000,SPY_DEMO_SYNTHETIC,500.043252,500.153252,16.000000,10.000000
1776259805110000000,SPY_DEMO_SYNTHETIC,500.043271,500.153271,17.000000,11.000000
1776259805120000000,SPY_DEMO_SYNTHETIC,500.043287,500.153287,18.000000,8.000000
1776259805130000000,SPY_DEMO_SYNTHETIC,500.043301,500.153301,19.000000,9.000000
1776259805140000000,SPY_DEMO_SYNTHETIC,500.043313,500.153313,20.000000,10.000000
1776259805150000000,SPY_DEMO_SYNTHETIC,500.043322,500.153322,16.000000,11.000000
1776259805160000000,SPY_DEMO_SYNTHETIC,500.043328,500.153328,17.000000,8.000000
1776259805170000000,SPY_DEMO_SYNTHETIC,500.043332,500.153332,18.000000,9.000000
1776259805180000000,SPY_DEMO_SYNTHETIC,500.043333,500.153333,19.000000,10.000000
1776259805190000000,SPY_DEMO_SYNTHETIC,500.043331,500.153331,20.000000,11.000000
1776259805200000000,SPY_DEMO_SYNTHETIC,500.043327,500.153327,16.000000,8.000000
1776259805210000000,SPY_DEMO_SYNTHETIC,500.043320,500.153320,17.000000,9.000000
1776259805220000000,SPY_DEMO_SYNTHETIC,500.043310,500.153310,18.000000,10.000000
1776259805230000000,SPY_DEMO_SYNTHETIC,500.043298,500.153298,19.000000,11.000000
1776259805240000000,SPY_DEMO_SYNTHETIC,500.043283,500.153283,20.000000,8.000000
1776259805250000000,SPY_DEMO_SYNTHETIC,500.043266,500.153266,16.000000,9.000000
1776259805260000000,SPY_DEMO_SYNTHETIC,500.043247,500.153247,17.000000,10.000000
1776259805270000000,SPY_DEMO_SYNTHETIC,500.043226,500.153226,18.000000,11.000000
1776259805280000000,SPY_DEMO_SYNTHETIC,500.043203,500.153203,19.000000,8.000000
1776259805290000000,SPY_DEMO_SYNTHETIC,500.043178,500.153178,20.000000,9.000000
1776259805300000000,SPY_DEMO_SYNTHETIC,500.043152,500.153152,16.000000,10.000000
1776259805310000000,SPY_DEMO_SYNTHETIC,500.043124,500.153124,17.000000,11.000000
1776259805320000000,SPY_DEMO_SYNTHETIC,500.043096,500.153096,18.000000,8.000000
1776259805330000000,SPY_DEMO_SYNTHETIC,500.043067,500.153067,19.000000,9.000000
1776259805340000000,SPY_DEMO_SYNTHETIC,500.043037,500.153037,20.000000,10.000000
1776259805350000000,SPY_DEMO_SYNTHETIC,500.043007,500.153007,16.000000,11.000000
1776259805360000000,SPY_DEMO_SYNTHETIC,500.042977,500.152977,17.000000,8.000000
1776259805370000000,SPY_DEMO_SYNTHETIC,500.042948,500.152948,18.000000,9.000000
1776259805380000000,SPY_DEMO_SYNTHETIC,500.042918,500.152918,19.000000,10.000000
1776259805390000000,SPY_DEMO_SYNTHETIC,500.042890,500.152890,20.000000,11.000000
1776259805400000000,SPY_DEMO_SYNTHETIC,500.042862,500.152862,16.000000,8.000000
1776259805410000000,SPY_DEMO_SYNTHETIC,500.042835,500.152835,17.000000,9.000000
1776259805420000000,SPY_DEMO_SYNTHETIC,500.042810,500.152810,18.000000,10.000000
1776259805430000000,SPY_DEMO_SYNTHETIC,500.042787,500.152787,19.000000,11.000000
1776259805440000000,SPY_DEMO_SYNTHETIC,500.042765,500.152765,20.000000,8.000000
1776259805450000000,SPY_DEMO_SYNTHETIC,500.042745,500.152745,16.000000,9.000000
1776259805460000000,SPY_DEMO_SYNTHETIC,500.042728,500.152728,17.000000,10.000000
1776259805470000000,SPY_DEMO_SYNTHETIC,500.042712,500.152712,18.000000,11.000000
1776259805480000000,SPY_DEMO_SYNTHETIC,500.042699,500.152699,19.000000,8.000000
1776259805490000000,SPY_DEMO_SYNTHETIC,500.042689,500.152689,20.000000,9.000000
1776259805500000000,SPY_DEMO_SYNTHETIC,500.042681,500.152681,16.000000,10.000000
1776259805510000000,SPY_DEMO_SYNTHETIC,500.042676,500.152676,17.000000,11.000000
1776259805520000000,SPY_DEMO_SYNTHETIC,500.042673,500.152673,18.000000,8.000000
1776259805530000000,SPY_DEMO_SYNTHETIC,500.042673,500.152673,19.000000,9.000000
1776259805540000000,SPY_DEMO_SYNTHETIC,500.042676,500.152676,20.000000,10.000000
1776259805550000000,SPY_DEMO_SYNTHETIC,500.042682,500.152682,16.000000,11.000000
1776259805560000000,SPY_DEMO_SYNTHETIC,500.042690,500.152690,17.000000,8.000000
1776259805570000000,SPY_DEMO_SYNTHETIC,500.042701,500.152701,18.000000,9.000000
1776259805580000000,SPY_DEMO_SYNTHETIC,500.042714,500.152714,19.000000,10.000000
1776259805590000000,SPY_DEMO_SYNTHETIC,500.042730,500.152730,20.000000,11.000000
1776259805600000000,SPY_DEMO_SYNTHETIC,500.042748,500.152748,16.000000,8.000000
1776259805610000000,SPY_DEMO_SYNTHETIC,500.042768,500.152768,17.000000,9.000000
1776259805620000000,SPY_DEMO_SYNTHETIC,500.042790,500.152790,18.000000,10.000000
1776259805630000000,SPY_DEMO_SYNTHETIC,500.042814,500.152814,19.000000,11.000000
1776259805640000000,SPY_DEMO_SYNTHETIC,500.042840,500.152840,20.000000,8.000000
1776259805650000000,SPY_DEMO_SYNTHETIC,500.042866,500.152866,16.000000,9.000000
1776259805660000000,SPY_DEMO_SYNTHETIC,500.042894,500.152894,17.000000,10.000000
1776259805670000000,SPY_DEMO_SYNTHETIC,500.042923,500.152923,18.000000,11.000000
1776259805680000000,SPY_DEMO_SYNTHETIC,500.042952,500.152952,19.000000,8.000000
1776259805690000000,SPY_DEMO_SYNTHETIC,500.042982,500.152982,20.000000,9.000000
1776259805700000000,SPY_DEMO_SYNTHETIC,500.043012,500.153012,16.000000,10.000000
1776259805710000000,SPY_DEMO_SYNTHETIC,500.043042,500.153042,17.000000,11.000000
1776259805720000000,SPY_DEMO_SYNTHETIC,500.043072,500.153072,18.000000,8.000000
1776259805730000000,SPY_DEMO_SYNTHETIC,500.043101,500.153101,19.000000,9.000000
1776259805740000000,SPY_DEMO_SYNTHETIC,500.043129,500.153129,20.000000,10.000000
1776259805750000000,SPY_DEMO_SYNTHETIC,500.043156,500.153156,16.000000,11.000000
1776259805760000000,SPY_DEMO_SYNTHETIC,500.043182,500.153182,17.000000,8.000000
1776259805770000000,SPY_DEMO_SYNTHETIC,500.043206,500.153206,18.000000,9.000000
1776259805780000000,SPY_DEMO_SYNTHETIC,500.043229,500.153229,19.000000,10.000000
1776259805790000000,SPY_DEMO_SYNTHETIC,500.043250,500.153250,20.000000,11.000000
1776259805800000000,SPY_DEMO_SYNTHETIC,500.043269,500.153269,16.000000,8.000000
1776259805810000000,SPY_DEMO_SYNTHETIC,500.043286,500.153286,17.000000,9.000000
1776259805820000000,SPY_DEMO_SYNTHETIC,500.043300,500.153300,18.000000,10.000000
1776259805830000000,SPY_DEMO_SYNTHETIC,500.043312,500.153312,19.000000,11.000000
1776259805840000000,SPY_DEMO_SYNTHETIC,500.043321,500.153321,20.000000,8.000000
1776259805850000000,SPY_DEMO_SYNTHETIC,500.043328,500.153328,16.000000,9.000000
1776259805860000000,SPY_DEMO_SYNTHETIC,500.043332,500.153332,17.000000,10.000000
1776259805870000000,SPY_DEMO_SYNTHETIC,500.043333,500.153333,18.000000,11.000000
1776259805880000000,SPY_DEMO_SYNTHETIC,500.043332,500.153332,19.000000,8.000000
1776259805890000000,SPY_DEMO_SYNTHETIC,500.043328,500.153328,20.000000,9.000000
1776259805900000000,SPY_DEMO_SYNTHETIC,500.043321,500.153321,16.000000,10.000000
1776259805910000000,SPY_DEMO_SYNTHETIC,500.043311,500.153311,17.000000,11.000000
1776259805920000000,SPY_DEMO_SYNTHETIC,500.043299,500.153299,18.000000,8.000000
1776259805930000000,SPY_DEMO_SYNTHETIC,500.043285,500.153285,19.000000,9.000000
1776259805940000000,SPY_DEMO_SYNTHETIC,500.043268,500.153268,20.000000,10.000000
1776259805950000000,SPY_DEMO_SYNTHETIC,500.043249,500.153249,16.000000,11.000000
1776259805960000000,SPY_DEMO_SYNTHETIC,500.043228,500.153228,17.000000,8.000000
1776259805970000000,SPY_DEMO_SYNTHETIC,500.043205,500.153205,18.000000,9.000000
1776259805980000000,SPY_DEMO_SYNTHETIC,500.043181,500.153181,19.000000,10.000000
1776259805990000000,SPY_DEMO_SYNTHETIC,500.043155,500.153155,20.000000,11.000000
1776259806000000000,SPY_DEMO_SYNTHETIC,500.043128,500.153128,16.000000,8.000000
1776259806010000000,SPY_DEMO_SYNTHETIC,500.043099,500.153099,17.000000,9.000000
1776259806020000000,SPY_DEMO_SYNTHETIC,500.043070,500.153070,18.000000,10.000000
1776259806030000000,SPY_DEMO_SYNTHETIC,500.043041,500.153041,19.000000,11.000000
1776259806040000000,SPY_DEMO_SYNTHETIC,500.043011,500.153011,20.000000,8.000000
1776259806050000000,SPY_DEMO_SYNTHETIC,500.042981,500.152981,16.000000,9.000000
1776259806060000000,SPY_DEMO_SYNTHETIC,500.042951,500.152951,17.000000,10.000000
1776259806070000000,SPY_DEMO_SYNTHETIC,500.042922,500.152922,18.000000,11.000000
1776259806080000000,SPY_DEMO_SYNTHETIC,500.042893,500.152893,19.000000,8.000000
1776259806090000000,SPY_DEMO_SYNTHETIC,500.042865,500.152865,20.000000,9.000000
1776259806100000000,SPY_DEMO_SYNTHETIC,500.042838,500.152838,16.000000,10.000000
1776259806110000000,SPY_DEMO_SYNTHETIC,500.042813,500.152813,17.000000,11.000000
1776259806120000000,SPY_DEMO_SYNTHETIC,500.042789,500.152789,18.000000,8.000000
1776259806130000000,SPY_DEMO_SYNTHETIC,500.042767,500.152767,19.000000,9.000000
1776259806140000000,SPY_DEMO_SYNTHETIC,500.042747,500.152747,20.000000,10.000000
1776259806150000000,SPY_DEMO_SYNTHETIC,500.042729,500.152729,16.000000,11.000000
1776259806160000000,SPY_DEMO_SYNTHETIC,500.042714,500.152714,17.000000,8.000000
1776259806170000000,SPY_DEMO_SYNTHETIC,500.042701,500.152701,18.000000,9.000000
1776259806180000000,SPY_DEMO_SYNTHETIC,500.042690,500.152690,19.000000,10.000000
1776259806190000000,SPY_DEMO_SYNTHETIC,500.042682,500.152682,20.000000,11.000000
1776259806200000000,SPY_DEMO_SYNTHETIC,500.042676,500.152676,16.000000,8.000000
1776259806210000000,SPY_DEMO_SYNTHETIC,500.042673,500.152673,17.000000,9.000000
1776259806220000000,SPY_DEMO_SYNTHETIC,500.042673,500.152673,18.000000,10.000000
1776259806230000000,SPY_DEMO_SYNTHETIC,500.042676,500.152676,19.000000,11.000000
1776259806240000000,SPY_DEMO_SYNTHETIC,500.042681,500.152681,20.000000,8.000000
1776259806250000000,SPY_DEMO_SYNTHETIC,500.042689,500.152689,16.000000,9.000000
1776259806260000000,SPY_DEMO_SYNTHETIC,500.042700,500.152700,17.000000,10.000000
1776259806270000000,SPY_DEMO_SYNTHETIC,500.042713,500.152713,18.000000,11.000000
1776259806280000000,SPY_DEMO_SYNTHETIC,500.042728,500.152728,19.000000,8.000000
1776259806290000000,SPY_DEMO_SYNTHETIC,500.042746,500.152746,20.000000,9.000000
1776259806300000000,SPY_DEMO_SYNTHETIC,500.042766,500.152766,16.000000,10.000000
1776259806310000000,SPY_DEMO_SYNTHETIC,500.042788,500.152788,17.000000,11.000000
1776259806320000000,SPY_DEMO_SYNTHETIC,500.042811,500.152811,18.000000,8.000000
1776259806330000000,SPY_DEMO_SYNTHETIC,500.042837,500.152837,19.000000,9.000000
1776259806340000000,SPY_DEMO_SYNTHETIC,500.042863,500.152863,20.000000,10.000000
1776259806350000000,SPY_DEMO_SYNTHETIC,500.042891,500.152891,16.000000,11.000000
1776259806360000000,SPY_DEMO_SYNTHETIC,500.042920,500.152920,17.000000,8.000000
1776259806370000000,SPY_DEMO_SYNTHETIC,500.042949,500.152949,18.000000,9.000000
1776259806380000000,SPY_DEMO_SYNTHETIC,500.042979,500.152979,19.000000,10.000000
1776259806390000000,SPY_DEMO_SYNTHETIC,500.043009,500.153009,20.000000,11.000000
1776259806400000000,SPY_DEMO_SYNTHETIC,500.043039,500.153039,16.000000,8.000000
1776259806410000000,SPY_DEMO_SYNTHETIC,500.043068,500.153068,17.000000,9.000000
1776259806420000000,SPY_DEMO_SYNTHETIC,500.043097,500.153097,18.000000,10.000000
1776259806430000000,SPY_DEMO_SYNTHETIC,500.043126,500.153126,19.000000,11.000000
1776259806440000000,SPY_DEMO_SYNTHETIC,500.043153,500.153153,20.000000,8.000000
1776259806450000000,SPY_DEMO_SYNTHETIC,500.043179,500.153179,16.000000,9.000000
1776259806460000000,SPY_DEMO_SYNTHETIC,500.043204,500.153204,17.000000,10.000000
1776259806470000000,SPY_DEMO_SYNTHETIC,500.043227,500.153227,18.000000,11.000000
1776259806480000000,SPY_DEMO_SYNTHETIC,500.043248,500.153248,19.000000,8.000000
1776259806490000000,SPY_DEMO_SYNTHETIC,500.043267,500.153267,20.000000,9.000000
1776259806500000000,SPY_DEMO_SYNTHETIC,500.043284,500.153284,16.000000,10.000000
1776259806510000000,SPY_DEMO_SYNTHETIC,500.043298,500.153298,17.000000,11.000000
1776259806520000000,SPY_DEMO_SYNTHETIC,500.043311,500.153311,18.000000,8.000000
1776259806530000000,SPY_DEMO_SYNTHETIC,500.043320,500.153320,19.000000,9.000000
1776259806540000000,SPY_DEMO_SYNTHETIC,500.043327,500.153327,20.000000,10.000000
1776259806550000000,SPY_DEMO_SYNTHETIC,500.043332,500.153332,16.000000,11.000000
1776259806560000000,SPY_DEMO_SYNTHETIC,500.043333,500.153333,17.000000,8.000000
1776259806570000000,SPY_DEMO_SYNTHETIC,500.043332,500.153332,18.000000,9.000000
1776259806580000000,SPY_DEMO_SYNTHETIC,500.043328,500.153328,19.000000,10.000000
1776259806590000000,SPY_DEMO_SYNTHETIC,500.043322,500.153322,20.000000,11.000000
1776259806600000000,SPY_DEMO_SYNTHETIC,500.043313,500.153313,16.000000,8.000000
1776259806610000000,SPY_DEMO_SYNTHETIC,500.043301,500.153301,17.000000,9.000000
1776259806620000000,SPY_DEMO_SYNTHETIC,500.043287,500.153287,18.000000,10.000000
1776259806630000000,SPY_DEMO_SYNTHETIC,500.043270,500.153270,19.000000,11.000000
1776259806640000000,SPY_DEMO_SYNTHETIC,500.043251,500.153251,20.000000,8.000000
1776259806650000000,SPY_DEMO_SYNTHETIC,500.043231,500.153231,16.000000,9.000000
1776259806660000000,SPY_DEMO_SYNTHETIC,500.043208,500.153208,17.000000,10.000000
1776259806670000000,SPY_DEMO_SYNTHETIC,500.043184,500.153184,18.000000,11.000000
1776259806680000000,SPY_DEMO_SYNTHETIC,500.043158,500.153158,19.000000,8.000000
1776259806690000000,SPY_DEMO_SYNTHETIC,500.043131,500.153131,20.000000,9.000000
1776259806700000000,SPY_DEMO_SYNTHETIC,500.043103,500.153103,16.000000,10.000000
1776259806710000000,SPY_DEMO_SYNTHETIC,500.043074,500.153074,17.000000,11.000000
1776259806720000000,SPY_DEMO_SYNTHETIC,500.043044,500.153044,18.000000,8.000000
1776259806730000000,SPY_DEMO_SYNTHETIC,500.043014,500.153014,19.000000,9.000000
1776259806740000000,SPY_DEMO_SYNTHETIC,500.042984,500.152984,20.000000,10.000000
1776259806750000000,SPY_DEMO_SYNTHETIC,500.042954,500.152954,16.000000,11.000000
1776259806760000000,SPY_DEMO_SYNTHETIC,500.042925,500.152925,17.000000,8.000000
1776259806770000000,SPY_DEMO_SYNTHETIC,500.042896,500.152896,18.000000,9.000000
1776259806780000000,SPY_DEMO_SYNTHETIC,500.042868,500.152868,19.000000,10.000000
1776259806790000000,SPY_DEMO_SYNTHETIC,500.042841,500.152841,20.000000,11.000000
1776259806800000000,SPY_DEMO_SYNTHETIC,500.042816,500.152816,16.000000,8.000000
1776259806810000000,SPY_DEMO_SYNTHETIC,500.042792,500.152792,17.000000,9.000000
1776259806820000000,SPY_DEMO_SYNTHETIC,500.042770,500.152770,18.000000,10.000000
1776259806830000000,SPY_DEMO_SYNTHETIC,500.042750,500.152750,19.000000,11.000000
1776259806840000000,SPY_DEMO_SYNTHETIC,500.042731,500.152731,20.000000,8.000000
1776259806850000000,SPY_DEMO_SYNTHETIC,500.042716,500.152716,16.000000,9.000000
1776259806860000000,SPY_DEMO_SYNTHETIC,500.042702,500.152702,17.000000,10.000000
1776259806870000000,SPY_DEMO_SYNTHETIC,500.042691,500.152691,18.000000,11.000000
1776259806880000000,SPY_DEMO_SYNTHETIC,500.042682,500.152682,19.000000,8.000000
1776259806890000000,SPY_DEMO_SYNTHETIC,500.042677,500.152677,20.000000,9.000000
1776259806900000000,SPY_DEMO_SYNTHETIC,500.042674,500.152674,16.000000,10.000000
1776259806910000000,SPY_DEMO_SYNTHETIC,500.042673,500.152673,17.000000,11.000000
1776259806920000000,SPY_DEMO_SYNTHETIC,500.042675,500.152675,18.000000,8.000000
1776259806930000000,SPY_DEMO_SYNTHETIC,500.042680,500.152680,19.000000,9.000000
1776259806940000000,SPY_DEMO_SYNTHETIC,500.042688,500.152688,20.000000,10.000000
1776259806950000000,SPY_DEMO_SYNTHETIC,500.042698,500.152698,16.000000,11.000000
1776259806960000000,SPY_DEMO_SYNTHETIC,500.042711,500.152711,17.000000,8.000000
1776259806970000000,SPY_DEMO_SYNTHETIC,500.042726,500.152726,18.000000,9.000000
1776259806980000000,SPY_DEMO_SYNTHETIC,500.042744,500.152744,19.000000,10.000000
1776259806990000000,SPY_DEMO_SYNTHETIC,500.042764,500.152764,20.000000,11.000000
1776259807000000000,SPY_DEMO_SYNTHETIC,500.042785,500.152785,16.000000,8.000000
1776259807010000000,SPY_DEMO_SYNTHETIC,500.042809,500.152809,17.000000,9.000000
1776259807020000000,SPY_DEMO_SYNTHETIC,500.042834,500.152834,18.000000,10.000000
1776259807030000000,SPY_DEMO_SYNTHETIC,500.042860,500.152860,19.000000,11.000000
1776259807040000000,SPY_DEMO_SYNTHETIC,500.042888,500.152888,20.000000,8.000000
1776259807050000000,SPY_DEMO_SYNTHETIC,500.042916,500.152916,16.000000,9.000000
1776259807060000000,SPY_DEMO_SYNTHETIC,500.042945,500.152945,17.000000,10.000000
1776259807070000000,SPY_DEMO_SYNTHETIC,500.042975,500.152975,18.000000,11.000000
1776259807080000000,SPY_DEMO_SYNTHETIC,500.043005,500.153005,19.000000,8.000000
1776259807090000000,SPY_DEMO_SYNTHETIC,500.043035,500.153035,20.000000,9.000000
1776259807100000000,SPY_DEMO_SYNTHETIC,500.043065,500.153065,16.000000,10.000000
1776259807110000000,SPY_DEMO_SYNTHETIC,500.043094,500.153094,17.000000,11.000000
1776259807120000000,SPY_DEMO_SYNTHETIC,500.043122,500.153122,18.000000,8.000000
1776259807130000000,SPY_DEMO_SYNTHETIC,500.043150,500.153150,19.000000,9.000000
1776259807140000000,SPY_DEMO_SYNTHETIC,500.043176,500.153176,20.000000,10.000000
1776259807150000000,SPY_DEMO_SYNTHETIC,500.043201,500.153201,16.000000,11.000000
1776259807160000000,SPY_DEMO_SYNTHETIC,500.043224,500.153224,17.000000,8.000000
1776259807170000000,SPY_DEMO_SYNTHETIC,500.043245,500.153245,18.000000,9.000000
1776259807180000000,SPY_DEMO_SYNTHETIC,500.043265,500.153265,19.000000,10.000000
1776259807190000000,SPY_DEMO_SYNTHETIC,500.043282,500.153282,20.000000,11.000000
1776259807200000000,SPY_DEMO_SYNTHETIC,500.043264,500.153264,12.000000,12.000000
1776259807210000000,SPY_DEMO_SYNTHETIC,500.043246,500.153246,13.000000,13.000000
1776259807220000000,SPY_DEMO_SYNTHETIC,500.043229,500.153229,14.000000,14.000000
1776259807230000000,SPY_DEMO_SYNTHETIC,500.043213,500.153213,15.000000,15.000000
1776259807240000000,SPY_DEMO_SYNTHETIC,500.043198,500.153198,12.000000,12.000000
1776259807250000000,SPY_DEMO_SYNTHETIC,500.043184,500.153184,13.000000,13.000000
1776259807260000000,SPY_DEMO_SYNTHETIC,500.043171,500.153171,14.000000,14.000000
1776259807270000000,SPY_DEMO_SYNTHETIC,500.043159,500.153159,15.000000,15.000000
1776259807280000000,SPY_DEMO_SYNTHETIC,500.043149,500.153149,12.000000,12.000000
1776259807290000000,SPY_DEMO_SYNTHETIC,500.043140,500.153140,13.000000,13.000000
1776259807300000000,SPY_DEMO_SYNTHETIC,500.043132,500.153132,14.000000,14.000000
1776259807310000000,SPY_DEMO_SYNTHETIC,500.043126,500.153126,15.000000,15.000000
1776259807320000000,SPY_DEMO_SYNTHETIC,500.043121,500.153121,12.000000,12.000000
1776259807330000000,SPY_DEMO_SYNTHETIC,500.043118,500.153118,13.000000,13.000000
1776259807340000000,SPY_DEMO_SYNTHETIC,500.043116,500.153116,14.000000,14.000000
1776259807350000000,SPY_DEMO_SYNTHETIC,500.043116,500.153116,15.000000,15.000000
1776259807360000000,SPY_DEMO_SYNTHETIC,500.043117,500.153117,12.000000,12.000000
1776259807370000000,SPY_DEMO_SYNTHETIC,500.043120,500.153120,13.000000,13.000000
1776259807380000000,SPY_DEMO_SYNTHETIC,500.043124,500.153124,14.000000,14.000000
1776259807390000000,SPY_DEMO_SYNTHETIC,500.043130,500.153130,15.000000,15.000000
1776259807400000000,SPY_DEMO_SYNTHETIC,500.043137,500.153137,12.000000,12.000000
1776259807410000000,SPY_DEMO_SYNTHETIC,500.043146,500.153146,13.000000,13.000000
1776259807420000000,SPY_DEMO_SYNTHETIC,500.043156,500.153156,14.000000,14.000000
1776259807430000000,SPY_DEMO_SYNTHETIC,500.043168,500.153168,15.000000,15.000000
1776259807440000000,SPY_DEMO_SYNTHETIC,500.043180,500.153180,12.000000,12.000000
1776259807450000000,SPY_DEMO_SYNTHETIC,500.043194,500.153194,13.000000,13.000000
1776259807460000000,SPY_DEMO_SYNTHETIC,500.043209,500.153209,14.000000,14.000000
1776259807470000000,SPY_DEMO_SYNTHETIC,500.043225,500.153225,15.000000,15.000000
1776259807480000000,SPY_DEMO_SYNTHETIC,500.043241,500.153241,12.000000,12.000000
1776259807490000000,SPY_DEMO_SYNTHETIC,500.043259,500.153259,13.000000,13.000000
1776259807500000000,SPY_DEMO_SYNTHETIC,500.043277,500.153277,14.000000,14.000000
1776259807510000000,SPY_DEMO_SYNTHETIC,500.043296,500.153296,15.000000,15.000000
1776259807520000000,SPY_DEMO_SYNTHETIC,500.043315,500.153315,12.000000,12.000000
1776259807530000000,SPY_DEMO_SYNTHETIC,500.043335,500.153335,13.000000,13.000000
1776259807540000000,SPY_DEMO_SYNTHETIC,500.043355,500.153355,14.000000,14.000000
1776259807550000000,SPY_DEMO_SYNTHETIC,500.043375,500.153375,15.000000,15.000000
1776259807560000000,SPY_DEMO_SYNTHETIC,500.043395,500.153395,12.000000,12.000000
1776259807570000000,SPY_DEMO_SYNTHETIC,500.043414,500.153414,13.000000,13.000000
1776259807580000000,SPY_DEMO_SYNTHETIC,500.043434,500.153434,14.000000,14.000000
1776259807590000000,SPY_DEMO_SYNTHETIC,500.043453,500.153453,15.000000,15.000000
1776259807600000000,SPY_DEMO_SYNTHETIC,500.043472,500.153472,12.000000,12.000000
1776259807610000000,SPY_DEMO_SYNTHETIC,500.043490,500.153490,13.000000,13.000000
1776259807620000000,SPY_DEMO_SYNTHETIC,500.043508,500.153508,14.000000,14.000000
1776259807630000000,SPY_DEMO_SYNTHETIC,500.043525,500.153525,15.000000,15.000000
1776259807640000000,SPY_DEMO_SYNTHETIC,500.043541,500.153541,12.000000,12.000000
1776259807650000000,SPY_DEMO_SYNTHETIC,500.043556,500.153556,13.000000,13.000000
1776259807660000000,SPY_DEMO_SYNTHETIC,500.043570,500.153570,14.000000,14.000000
1776259807670000000,SPY_DEMO_SYNTHETIC,500.043582,500.153582,15.000000,15.000000
1776259807680000000,SPY_DEMO_SYNTHETIC,500.043594,500.153594,12.000000,12.000000
1776259807690000000,SPY_DEMO_SYNTHETIC,500.043604,500.153604,13.000000,13.000000
1776259807700000000,SPY_DEMO_SYNTHETIC,500.043613,500.153613,14.000000,14.000000
1776259807710000000,SPY_DEMO_SYNTHETIC,500.043620,500.153620,15.000000,15.000000
1776259807720000000,SPY_DEMO_SYNTHETIC,500.043626,500.153626,12.000000,12.000000
1776259807730000000,SPY_DEMO_SYNTHETIC,500.043631,500.153631,13.000000,13.000000
1776259807740000000,SPY_DEMO_SYNTHETIC,500.043634,500.153634,14.000000,14.000000
1776259807750000000,SPY_DEMO_SYNTHETIC,500.043635,500.153635,15.000000,15.000000
1776259807760000000,SPY_DEMO_SYNTHETIC,500.043635,500.153635,12.000000,12.000000
1776259807770000000,SPY_DEMO_SYNTHETIC,500.043634,500.153634,13.000000,13.000000
1776259807780000000,SPY_DEMO_SYNTHETIC,500.043631,500.153631,14.000000,14.000000
1776259807790000000,SPY_DEMO_SYNTHETIC,500.043626,500.153626,15.000000,15.000000
1776259807800000000,SPY_DEMO_SYNTHETIC,500.043620,500.153620,12.000000,12.000000
1776259807810000000,SPY_DEMO_SYNTHETIC,500.043613,500.153613,13.000000,13.000000
1776259807820000000,SPY_DEMO_SYNTHETIC,500.043604,500.153604,14.000000,14.000000
1776259807830000000,SPY_DEMO_SYNTHETIC,500.043593,500.153593,15.000000,15.000000
1776259807840000000,SPY_DEMO_SYNTHETIC,500.043582,500.153582,12.000000,12.000000
1776259807850000000,SPY_DEMO_SYNTHETIC,500.043569,500.153569,13.000000,13.000000
1776259807860000000,SPY_DEMO_SYNTHETIC,500.043555,500.153555,14.000000,14.000000
1776259807870000000,SPY_DEMO_SYNTHETIC,500.043540,500.153540,15.000000,15.000000
1776259807880000000,SPY_DEMO_SYNTHETIC,500.043524,500.153524,12.000000,12.000000
1776259807890000000,SPY_DEMO_SYNTHETIC,500.043507,500.153507,13.000000,13.000000
1776259807900000000,SPY_DEMO_SYNTHETIC,500.043489,500.153489,14.000000,14.000000
1776259807910000000,SPY_DEMO_SYNTHETIC,500.043471,500.153471,15.000000,15.000000
1776259807920000000,SPY_DEMO_SYNTHETIC,500.043452,500.153452,12.000000,12.000000
1776259807930000000,SPY_DEMO_SYNTHETIC,500.043433,500.153433,13.000000,13.000000
1776259807940000000,SPY_DEMO_SYNTHETIC,500.043413,500.153413,14.000000,14.000000
1776259807950000000,SPY_DEMO_SYNTHETIC,500.043393,500.153393,15.000000,15.000000
1776259807960000000,SPY_DEMO_SYNTHETIC,500.043373,500.153373,12.000000,12.000000
1776259807970000000,SPY_DEMO_SYNTHETIC,500.043353,500.153353,13.000000,13.000000
1776259807980000000,SPY_DEMO_SYNTHETIC,500.043334,500.153334,14.000000,14.000000
1776259807990000000,SPY_DEMO_SYNTHETIC,500.043314,500.153314,15.000000,15.000000
1776259808000000000,SPY_DEMO_SYNTHETIC,500.043295,500.153295,12.000000,12.000000
1776259808010000000,SPY_DEMO_SYNTHETIC,500.043276,500.153276,13.000000,13.000000
1776259808020000000,SPY_DEMO_SYNTHETIC,500.043258,500.153258,14.000000,14.000000
1776259808030000000,SPY_DEMO_SYNTHETIC,500.043240,500.153240,15.000000,15.000000
1776259808040000000,SPY_DEMO_SYNTHETIC,500.043224,500.153224,12.000000,12.000000
1776259808050000000,SPY_DEMO_SYNTHETIC,500.043208,500.153208,13.000000,13.000000
1776259808060000000,SPY_DEMO_SYNTHETIC,500.043193,500.153193,14.000000,14.000000
1776259808070000000,SPY_DEMO_SYNTHETIC,500.043179,500.153179,15.000000,15.000000
1776259808080000000,SPY_DEMO_SYNTHETIC,500.043167,500.153167,12.000000,12.000000
1776259808090000000,SPY_DEMO_SYNTHETIC,500.043156,500.153156,13.000000,13.000000
1776259808100000000,SPY_DEMO_SYNTHETIC,500.043146,500.153146,14.000000,14.000000
1776259808110000000,SPY_DEMO_SYNTHETIC,500.043137,500.153137,15.000000,15.000000
1776259808120000000,SPY_DEMO_SYNTHETIC,500.043130,500.153130,12.000000,12.000000
1776259808130000000,SPY_DEMO_SYNTHETIC,500.043124,500.153124,13.000000,13.000000
1776259808140000000,SPY_DEMO_SYNTHETIC,500.043120,500.153120,14.000000,14.000000
1776259808150000000,SPY_DEMO_SYNTHETIC,500.043117,500.153117,15.000000,15.000000
1776259808160000000,SPY_DEMO_SYNTHETIC,500.043116,500.153116,12.000000,12.000000
1776259808170000000,SPY_DEMO_SYNTHETIC,500.043116,500.153116,13.000000,13.000000
1776259808180000000,SPY_DEMO_SYNTHETIC,500.043118,500.153118,14.000000,14.000000
1776259808190000000,SPY_DEMO_SYNTHETIC,500.043121,500.153121,15.000000,15.000000
1776259808200000000,SPY_DEMO_SYNTHETIC,500.043126,500.153126,12.000000,12.000000
1776259808210000000,SPY_DEMO_SYNTHETIC,500.043132,500.153132,13.000000,13.000000
1776259808220000000,SPY_DEMO_SYNTHETIC,500.043140,500.153140,14.000000,14.000000
1776259808230000000,SPY_DEMO_SYNTHETIC,500.043149,500.153149,15.000000,15.000000
1776259808240000000,SPY_DEMO_SYNTHETIC,500.043160,500.153160,12.000000,12.000000
1776259808250000000,SPY_DEMO_SYNTHETIC,500.043171,500.153171,13.000000,13.000000
1776259808260000000,SPY_DEMO_SYNTHETIC,500.043184,500.153184,14.000000,14.000000
1776259808270000000,SPY_DEMO_SYNTHETIC,500.043199,500.153199,15.000000,15.000000
1776259808280000000,SPY_DEMO_SYNTHETIC,500.043214,500.153214,12.000000,12.000000
1776259808290000000,SPY_DEMO_SYNTHETIC,500.043230,500.153230,13.000000,13.000000
1776259808300000000,SPY_DEMO_SYNTHETIC,500.043247,500.153247,14.000000,14.000000
1776259808310000000,SPY_DEMO_SYNTHETIC,500.043265,500.153265,15.000000,15.000000
1776259808320000000,SPY_DEMO_SYNTHETIC,500.043283,500.153283,12.000000,12.000000
1776259808330000000,SPY_DEMO_SYNTHETIC,500.043302,500.153302,13.000000,13.000000
1776259808340000000,SPY_DEMO_SYNTHETIC,500.043321,500.153321,14.000000,14.000000
1776259808350000000,SPY_DEMO_SYNTHETIC,500.043341,500.153341,15.000000,15.000000
1776259808360000000,SPY_DEMO_SYNTHETIC,500.043361,500.153361,12.000000,12.000000
1776259808370000000,SPY_DEMO_SYNTHETIC,500.043381,500.153381,13.000000,13.000000
1776259808380000000,SPY_DEMO_SYNTHETIC,500.043401,500.153401,14.000000,14.000000
1776259808390000000,SPY_DEMO_SYNTHETIC,500.043421,500.153421,15.000000,15.000000
1776259808400000000,SPY_DEMO_SYNTHETIC,500.043440,500.153440,12.000000,12.000000
1776259808410000000,SPY_DEMO_SYNTHETIC,500.043459,500.153459,13.000000,13.000000
1776259808420000000,SPY_DEMO_SYNTHETIC,500.043478,500.153478,14.000000,14.000000
1776259808430000000,SPY_DEMO_SYNTHETIC,500.043496,500.153496,15.000000,15.000000
1776259808440000000,SPY_DEMO_SYNTHETIC,500.043513,500.153513,12.000000,12.000000
1776259808450000000,SPY_DEMO_SYNTHETIC,500.043530,500.153530,13.000000,13.000000
1776259808460000000,SPY_DEMO_SYNTHETIC,500.043546,500.153546,14.000000,14.000000
1776259808470000000,SPY_DEMO_SYNTHETIC,500.043560,500.153560,15.000000,15.000000
1776259808480000000,SPY_DEMO_SYNTHETIC,500.043574,500.153574,12.000000,12.000000
1776259808490000000,SPY_DEMO_SYNTHETIC,500.043586,500.153586,13.000000,13.000000
1776259808500000000,SPY_DEMO_SYNTHETIC,500.043597,500.153597,14.000000,14.000000
1776259808510000000,SPY_DEMO_SYNTHETIC,500.043607,500.153607,15.000000,15.000000
1776259808520000000,SPY_DEMO_SYNTHETIC,500.043615,500.153615,12.000000,12.000000
1776259808530000000,SPY_DEMO_SYNTHETIC,500.043622,500.153622,13.000000,13.000000
1776259808540000000,SPY_DEMO_SYNTHETIC,500.043628,500.153628,14.000000,14.000000
1776259808550000000,SPY_DEMO_SYNTHETIC,500.043632,500.153632,15.000000,15.000000
1776259808560000000,SPY_DEMO_SYNTHETIC,500.043635,500.153635,12.000000,12.000000
1776259808570000000,SPY_DEMO_SYNTHETIC,500.043636,500.153636,13.000000,13.000000
1776259808580000000,SPY_DEMO_SYNTHETIC,500.043635,500.153635,14.000000,14.000000
1776259808590000000,SPY_DEMO_SYNTHETIC,500.043633,500.153633,15.000000,15.000000
1776259808600000000,SPY_DEMO_SYNTHETIC,500.043629,500.153629,12.000000,12.000000
1776259808610000000,SPY_DEMO_SYNTHETIC,500.043624,500.153624,13.000000,13.000000
1776259808620000000,SPY_DEMO_SYNTHETIC,500.043618,500.153618,14.000000,14.000000
1776259808630000000,SPY_DEMO_SYNTHETIC,500.043610,500.153610,15.000000,15.000000
1776259808640000000,SPY_DEMO_SYNTHETIC,500.043600,500.153600,12.000000,12.000000
1776259808650000000,SPY_DEMO_SYNTHETIC,500.043590,500.153590,13.000000,13.000000
1776259808660000000,SPY_DEMO_SYNTHETIC,500.043578,500.153578,14.000000,14.000000
1776259808670000000,SPY_DEMO_SYNTHETIC,500.043565,500.153565,15.000000,15.000000
1776259808680000000,SPY_DEMO_SYNTHETIC,500.043550,500.153550,12.000000,12.000000
1776259808690000000,SPY_DEMO_SYNTHETIC,500.043535,500.153535,13.000000,13.000000
1776259808700000000,SPY_DEMO_SYNTHETIC,500.043519,500.153519,14.000000,14.000000
1776259808710000000,SPY_DEMO_SYNTHETIC,500.043502,500.153502,15.000000,15.000000
1776259808720000000,SPY_DEMO_SYNTHETIC,500.043484,500.153484,12.000000,12.000000
1776259808730000000,SPY_DEMO_SYNTHETIC,500.043465,500.153465,13.000000,13.000000
1776259808740000000,SPY_DEMO_SYNTHETIC,500.043446,500.153446,14.000000,14.000000
1776259808750000000,SPY_DEMO_SYNTHETIC,500.043427,500.153427,15.000000,15.000000
1776259808760000000,SPY_DEMO_SYNTHETIC,500.043407,500.153407,12.000000,12.000000
1776259808770000000,SPY_DEMO_SYNTHETIC,500.043387,500.153387,13.000000,13.000000
1776259808780000000,SPY_DEMO_SYNTHETIC,500.043367,500.153367,14.000000,14.000000
1776259808790000000,SPY_DEMO_SYNTHETIC,500.043347,500.153347,15.000000,15.000000
1776259808800000000,SPY_DEMO_SYNTHETIC,500.043327,500.153327,12.000000,12.000000
1776259808810000000,SPY_DEMO_SYNTHETIC,500.043308,500.153308,13.000000,13.000000
1776259808820000000,SPY_DEMO_SYNTHETIC,500.043289,500.153289,14.000000,14.000000
1776259808830000000,SPY_DEMO_SYNTHETIC,500.043270,500.153270,15.000000,15.000000
1776259808840000000,SPY_DEMO_SYNTHETIC,500.043252,500.153252,12.000000,12.000000
1776259808850000000,SPY_DEMO_SYNTHETIC,500.043235,500.153235,13.000000,13.000000
1776259808860000000,SPY_DEMO_SYNTHETIC,500.043219,500.153219,14.000000,14.000000
1776259808870000000,SPY_DEMO_SYNTHETIC,500.043203,500.153203,15.000000,15.000000
1776259808880000000,SPY_DEMO_SYNTHETIC,500.043189,500.153189,12.000000,12.000000
1776259808890000000,SPY_DEMO_SYNTHETIC,500.043175,500.153175,13.000000,13.000000
1776259808900000000,SPY_DEMO_SYNTHETIC,500.043163,500.153163,14.000000,14.000000
1776259808910000000,SPY_DEMO_SYNTHETIC,500.043152,500.153152,15.000000,15.000000
1776259808920000000,SPY_DEMO_SYNTHETIC,500.043143,500.153143,12.000000,12.000000
1776259808930000000,SPY_DEMO_SYNTHETIC,500.043134,500.153134,13.000000,13.000000
1776259808940000000,SPY_DEMO_SYNTHETIC,500.043128,500.153128,14.000000,14.000000
1776259808950000000,SPY_DEMO_SYNTHETIC,500.043122,500.153122,15.000000,15.000000
1776259808960000000,SPY_DEMO_SYNTHETIC,500.043119,500.153119,12.000000,12.000000
1776259808970000000,SPY_DEMO_SYNTHETIC,500.043116,500.153116,13.000000,13.000000
1776259808980000000,SPY_DEMO_SYNTHETIC,500.043116,500.153116,14.000000,14.000000
1776259808990000000,SPY_DEMO_SYNTHETIC,500.043116,500.153116,15.000000,15.000000
1776259809000000000,SPY_DEMO_SYNTHETIC,500.003119,500.113119,12.000000,12.000000
1776259809010000000,SPY_DEMO_SYNTHETIC,500.003122,500.113122,13.000000,13.000000
1776259809020000000,SPY_DEMO_SYNTHETIC,500.003128,500.113128,14.000000,14.000000
1776259809030000000,SPY_DEMO_SYNTHETIC,500.003135,500.113135,15.000000,15.000000
1776259809040000000,SPY_DEMO_SYNTHETIC,500.003143,500.113143,12.000000,12.000000
1776259809050000000,SPY_DEMO_SYNTHETIC,500.003152,500.113152,13.000000,13.000000
1776259809060000000,SPY_DEMO_SYNTHETIC,500.003163,500.113163,14.000000,14.000000
1776259809070000000,SPY_DEMO_SYNTHETIC,500.003175,500.113175,15.000000,15.000000
1776259809080000000,SPY_DEMO_SYNTHETIC,500.003189,500.113189,12.000000,12.000000
1776259809090000000,SPY_DEMO_SYNTHETIC,500.003203,500.113203,13.000000,13.000000
1776259809100000000,SPY_DEMO_SYNTHETIC,500.003219,500.113219,14.000000,14.000000
1776259809110000000,SPY_DEMO_SYNTHETIC,500.003235,500.113235,15.000000,15.000000
1776259809120000000,SPY_DEMO_SYNTHETIC,500.003252,500.113252,12.000000,12.000000
1776259809130000000,SPY_DEMO_SYNTHETIC,500.003270,500.113270,13.000000,13.000000
1776259809140000000,SPY_DEMO_SYNTHETIC,500.003289,500.113289,14.000000,14.000000
1776259809150000000,SPY_DEMO_SYNTHETIC,500.003308,500.113308,15.000000,15.000000
1776259809160000000,SPY_DEMO_SYNTHETIC,500.003328,500.113328,12.000000,12.000000
1776259809170000000,SPY_DEMO_SYNTHETIC,500.003347,500.113347,13.000000,13.000000
1776259809180000000,SPY_DEMO_SYNTHETIC,500.003367,500.113367,14.000000,14.000000
1776259809190000000,SPY_DEMO_SYNTHETIC,500.003387,500.113387,15.000000,15.000000
1776259809200000000,SPY_DEMO_SYNTHETIC,500.003407,500.113407,12.000000,12.000000
1776259809210000000,SPY_DEMO_SYNTHETIC,500.003427,500.113427,13.000000,13.000000
1776259809220000000,SPY_DEMO_SYNTHETIC,500.003446,500.113446,14.000000,14.000000
1776259809230000000,SPY_DEMO_SYNTHETIC,500.003465,500.113465,15.000000,15.000000
1776259809240000000,SPY_DEMO_SYNTHETIC,500.003484,500.113484,12.000000,12.000000
1776259809250000000,SPY_DEMO_SYNTHETIC,500.003502,500.113502,13.000000,13.000000
1776259809260000000,SPY_DEMO_SYNTHETIC,500.003519,500.113519,14.000000,14.000000
1776259809270000000,SPY_DEMO_SYNTHETIC,500.003535,500.113535,15.000000,15.000000
1776259809280000000,SPY_DEMO_SYNTHETIC,500.003550,500.113550,12.000000,12.000000
1776259809290000000,SPY_DEMO_SYNTHETIC,500.003565,500.113565,13.000000,13.000000
1776259809300000000,SPY_DEMO_SYNTHETIC,500.003578,500.113578,14.000000,14.000000
1776259809310000000,SPY_DEMO_SYNTHETIC,500.003590,500.113590,15.000000,15.000000
1776259809320000000,SPY_DEMO_SYNTHETIC,500.003601,500.113601,12.000000,12.000000
1776259809330000000,SPY_DEMO_SYNTHETIC,500.003610,500.113610,13.000000,13.000000
1776259809340000000,SPY_DEMO_SYNTHETIC,500.003618,500.113618,14.000000,14.000000
1776259809350000000,SPY_DEMO_SYNTHETIC,500.003624,500.113624,15.000000,15.000000
1776259809360000000,SPY_DEMO_SYNTHETIC,500.003629,500.113629,12.000000,12.000000
1776259809370000000,SPY_DEMO_SYNTHETIC,500.003633,500.113633,13.000000,13.000000
1776259809380000000,SPY_DEMO_SYNTHETIC,500.003635,500.113635,14.000000,14.000000
1776259809390000000,SPY_DEMO_SYNTHETIC,500.003636,500.113636,15.000000,15.000000
1776259809400000000,SPY_DEMO_SYNTHETIC,500.003635,500.113635,12.000000,12.000000
1776259809410000000,SPY_DEMO_SYNTHETIC,500.003632,500.113632,13.000000,13.000000
1776259809420000000,SPY_DEMO_SYNTHETIC,500.003628,500.113628,14.000000,14.000000
1776259809430000000,SPY_DEMO_SYNTHETIC,500.003622,500.113622,15.000000,15.000000
1776259809440000000,SPY_DEMO_SYNTHETIC,500.003615,500.113615,12.000000,12.000000
1776259809450000000,SPY_DEMO_SYNTHETIC,500.003607,500.113607,13.000000,13.000000
1776259809460000000,SPY_DEMO_SYNTHETIC,500.003597,500.113597,14.000000,14.000000
1776259809470000000,SPY_DEMO_SYNTHETIC,500.003586,500.113586,15.000000,15.000000
1776259809480000000,SPY_DEMO_SYNTHETIC,500.003574,500.113574,12.000000,12.000000
1776259809490000000,SPY_DEMO_SYNTHETIC,500.003560,500.113560,13.000000,13.000000
1776259809500000000,SPY_DEMO_SYNTHETIC,500.003546,500.113546,14.000000,14.000000
1776259809510000000,SPY_DEMO_SYNTHETIC,500.003530,500.113530,15.000000,15.000000
1776259809520000000,SPY_DEMO_SYNTHETIC,500.003513,500.113513,12.000000,12.000000
1776259809530000000,SPY_DEMO_SYNTHETIC,500.003496,500.113496,13.000000,13.000000
1776259809540000000,SPY_DEMO_SYNTHETIC,500.003478,500.113478,14.000000,14.000000
1776259809550000000,SPY_DEMO_SYNTHETIC,500.003459,500.113459,15.000000,15.000000
1776259809560000000,SPY_DEMO_SYNTHETIC,500.003440,500.113440,12.000000,12.000000
1776259809570000000,SPY_DEMO_SYNTHETIC,500.003421,500.113421,13.000000,13.000000
1776259809580000000,SPY_DEMO_SYNTHETIC,500.003401,500.113401,14.000000,14.000000
1776259809590000000,SPY_DEMO_SYNTHETIC,500.003381,500.113381,15.000000,15.000000
1776259809600000000,SPY_DEMO_SYNTHETIC,500.003577,500.113577,25.000000,5.000000
1776259809610000000,SPY_DEMO_SYNTHETIC,500.003776,500.113776,26.000000,6.000000
1776259809620000000,SPY_DEMO_SYNTHETIC,500.003978,500.113978,27.000000,7.000000
1776259809630000000,SPY_DEMO_SYNTHETIC,500.004183,500.114183,28.000000,5.000000
1776259809640000000,SPY_DEMO_SYNTHETIC,500.004391,500.114391,29.000000,6.000000
1776259809650000000,SPY_DEMO_SYNTHETIC,500.004601,500.114601,30.000000,7.000000
1776259809660000000,SPY_DEMO_SYNTHETIC,500.004815,500.114815,24.000000,5.000000
1776259809670000000,SPY_DEMO_SYNTHETIC,500.005031,500.115031,25.000000,6.000000
1776259809680000000,SPY_DEMO_SYNTHETIC,500.005250,500.115250,26.000000,7.000000
1776259809690000000,SPY_DEMO_SYNTHETIC,500.005472,500.115472,27.000000,5.000000
1776259809700000000,SPY_DEMO_SYNTHETIC,500.005697,500.115697,28.000000,6.000000
1776259809710000000,SPY_DEMO_SYNTHETIC,500.005924,500.115924,29.000000,7.000000
1776259809720000000,SPY_DEMO_SYNTHETIC,500.006153,500.116153,30.000000,5.000000
1776259809730000000,SPY_DEMO_SYNTHETIC,500.006385,500.116385,24.000000,6.000000
1776259809740000000,SPY_DEMO_SYNTHETIC,500.006619,500.116619,25.000000,7.000000
1776259809750000000,SPY_DEMO_SYNTHETIC,500.006855,500.116855,26.000000,5.000000
1776259809760000000,SPY_DEMO_SYNTHETIC,500.007093,500.117093,27.000000,6.000000
1776259809770000000,SPY_DEMO_SYNTHETIC,500.007332,500.117332,28.000000,7.000000
1776259809780000000,SPY_DEMO_SYNTHETIC,500.007574,500.117574,29.000000,5.000000
1776259809790000000,SPY_DEMO_SYNTHETIC,500.007817,500.117817,30.000000,6.000000
1776259809800000000,SPY_DEMO_SYNTHETIC,500.008062,500.118062,24.000000,7.000000
1776259809810000000,SPY_DEMO_SYNTHETIC,500.008307,500.118307,25.000000,5.000000
1776259809820000000,SPY_DEMO_SYNTHETIC,500.008554,500.118554,26.000000,6.000000
1776259809830000000,SPY_DEMO_SYNTHETIC,500.008802,500.118802,27.000000,7.000000
1776259809840000000,SPY_DEMO_SYNTHETIC,500.009051,500.119051,28.000000,5.000000
1776259809850000000,SPY_DEMO_SYNTHETIC,500.009300,500.119300,29.000000,6.000000
1776259809860000000,SPY_DEMO_SYNTHETIC,500.009549,500.119549,30.000000,7.000000
1776259809870000000,SPY_DEMO_SYNTHETIC,500.009799,500.119799,24.000000,5.000000
1776259809880000000,SPY_DEMO_SYNTHETIC,500.010049,500.120049,25.000000,6.000000
1776259809890000000,SPY_DEMO_SYNTHETIC,500.010299,500.120299,26.000000,7.000000
1776259809900000000,SPY_DEMO_SYNTHETIC,500.010549,500.120549,27.000000,5.000000
1776259809910000000,SPY_DEMO_SYNTHETIC,500.010798,500.120798,28.000000,6.000000
1776259809920000000,SPY_DEMO_SYNTHETIC,500.011047,500.121047,29.000000,7.000000
1776259809930000000,SPY_DEMO_SYNTHETIC,500.011295,500.121295,30.000000,5.000000
1776259809940000000,SPY_DEMO_SYNTHETIC,500.011542,500.121542,24.000000,6.000000
1776259809950000000,SPY_DEMO_SYNTHETIC,500.011788,500.121788,25.000000,7.000000
1776259809960000000,SPY_DEMO_SYNTHETIC,500.012032,500.122032,26.000000,5.000000
1776259809970000000,SPY_DEMO_SYNTHETIC,500.012275,500.122275,27.000000,6.000000
1776259809980000000,SPY_DEMO_SYNTHETIC,500.012517,500.122517,28.000000,7.000000
1776259809990000000,SPY_DEMO_SYNTHETIC,500.012757,500.122757,29.000000,5.000000
1776259810000000000,SPY_DEMO_SYNTHETIC,500.012995,500.122995,30.000000,6.000000
1776259810010000000,SPY_DEMO_SYNTHETIC,500.013231,500.123231,24.000000,7.000000
1776259810020000000,SPY_DEMO_SYNTHETIC,500.013465,500.123465,25.000000,5.000000
1776259810030000000,SPY_DEMO_SYNTHETIC,500.013697,500.123697,26.000000,6.000000
1776259810040000000,SPY_DEMO_SYNTHETIC,500.013927,500.123927,27.000000,7.000000
1776259810050000000,SPY_DEMO_SYNTHETIC,500.014154,500.124154,28.000000,5.000000
1776259810060000000,SPY_DEMO_SYNTHETIC,500.014378,500.124378,29.000000,6.000000
1776259810070000000,SPY_DEMO_SYNTHETIC,500.014600,500.124600,30.000000,7.000000
1776259810080000000,SPY_DEMO_SYNTHETIC,500.014820,500.124820,24.000000,5.000000
1776259810090000000,SPY_DEMO_SYNTHETIC,500.015036,500.125036,25.000000,6.000000
1776259810100000000,SPY_DEMO_SYNTHETIC,500.015250,500.125250,26.000000,7.000000
1776259810110000000,SPY_DEMO_SYNTHETIC,500.015461,500.125461,27.000000,5.000000
1776259810120000000,SPY_DEMO_SYNTHETIC,500.015669,500.125669,28.000000,6.000000
1776259810130000000,SPY_DEMO_SYNTHETIC,500.015874,500.125874,29.000000,7.000000
1776259810140000000,SPY_DEMO_SYNTHETIC,500.016076,500.126076,30.000000,5.000000
1776259810150000000,SPY_DEMO_SYNTHETIC,500.016275,500.126275,24.000000,6.000000
1776259810160000000,SPY_DEMO_SYNTHETIC,500.016471,500.126471,25.000000,7.000000
1776259810170000000,SPY_DEMO_SYNTHETIC,500.016665,500.126665,26.000000,5.000000
1776259810180000000,SPY_DEMO_SYNTHETIC,500.016855,500.126855,27.000000,6.000000
1776259810190000000,SPY_DEMO_SYNTHETIC,500.017043,500.127043,28.000000,7.000000
1776259810200000000,SPY_DEMO_SYNTHETIC,500.017228,500.127228,29.000000,5.000000
1776259810210000000,SPY_DEMO_SYNTHETIC,500.017410,500.127410,30.000000,6.000000
1776259810220000000,SPY_DEMO_SYNTHETIC,500.017589,500.127589,24.000000,7.000000
1776259810230000000,SPY_DEMO_SYNTHETIC,500.017766,500.127766,25.000000,5.000000
1776259810240000000,SPY_DEMO_SYNTHETIC,500.017940,500.127940,26.000000,6.000000
1776259810250000000,SPY_DEMO_SYNTHETIC,500.018111,500.128111,27.000000,7.000000
1776259810260000000,SPY_DEMO_SYNTHETIC,500.018280,500.128280,28.000000,5.000000
1776259810270000000,SPY_DEMO_SYNTHETIC,500.018447,500.128447,29.000000,6.000000
1776259810280000000,SPY_DEMO_SYNTHETIC,500.018612,500.128612,30.000000,7.000000
1776259810290000000,SPY_DEMO_SYNTHETIC,500.018775,500.128775,24.000000,5.000000
1776259810300000000,SPY_DEMO_SYNTHETIC,500.018936,500.128936,25.000000,6.000000
1776259810310000000,SPY_DEMO_SYNTHETIC,500.019095,500.129095,26.000000,7.000000
1776259810320000000,SPY_DEMO_SYNTHETIC,500.019253,500.129253,27.000000,5.000000
1776259810330000000,SPY_DEMO_SYNTHETIC,500.019409,500.129409,28.000000,6.000000
1776259810340000000,SPY_DEMO_SYNTHETIC,500.019563,500.129563,29.000000,7.000000
1776259810350000000,SPY_DEMO_SYNTHETIC,500.019717,500.129717,30.000000,5.000000
1776259810360000000,SPY_DEMO_SYNTHETIC,500.019869,500.129869,24.000000,6.000000
1776259810370000000,SPY_DEMO_SYNTHETIC,500.020021,500.130021,25.000000,7.000000
1776259810380000000,SPY_DEMO_SYNTHETIC,500.020172,500.130172,26.000000,5.000000
1776259810390000000,SPY_DEMO_SYNTHETIC,500.020323,500.130323,27.000000,6.000000
1776259810400000000,SPY_DEMO_SYNTHETIC,500.020473,500.130473,28.000000,7.000000
1776259810410000000,SPY_DEMO_SYNTHETIC,500.020623,500.130623,29.000000,5.000000
1776259810420000000,SPY_DEMO_SYNTHETIC,500.020773,500.130773,30.000000,6.000000
1776259810430000000,SPY_DEMO_SYNTHETIC,500.020923,500.130923,24.000000,7.000000
1776259810440000000,SPY_DEMO_SYNTHETIC,500.021074,500.131074,25.000000,5.000000
1776259810450000000,SPY_DEMO_SYNTHETIC,500.021225,500.131225,26.000000,6.000000
1776259810460000000,SPY_DEMO_SYNTHETIC,500.021377,500.131377,27.000000,7.000000
1776259810470000000,SPY_DEMO_SYNTHETIC,500.021529,500.131529,28.000000,5.000000
1776259810480000000,SPY_DEMO_SYNTHETIC,500.021683,500.131683,29.000000,6.000000
1776259810490000000,SPY_DEMO_SYNTHETIC,500.021838,500.131838,30.000000,7.000000
1776259810500000000,SPY_DEMO_SYNTHETIC,500.021994,500.131994,24.000000,5.000000
1776259810510000000,SPY_DEMO_SYNTHETIC,500.022152,500.132152,25.000000,6.000000
1776259810520000000,SPY_DEMO_SYNTHETIC,500.022311,500.132311,26.000000,7.000000
1776259810530000000,SPY_DEMO_SYNTHETIC,500.022472,500.132472,27.000000,5.000000
1776259810540000000,SPY_DEMO_SYNTHETIC,500.022635,500.132635,28.000000,6.000000
1776259810550000000,SPY_DEMO_SYNTHETIC,500.022800,500.132800,29.000000,7.000000
1776259810560000000,SPY_DEMO_SYNTHETIC,500.022967,500.132967,30.000000,5.000000
1776259810570000000,SPY_DEMO_SYNTHETIC,500.023137,500.133137,24.000000,6.000000
1776259810580000000,SPY_DEMO_SYNTHETIC,500.023309,500.133309,25.000000,7.000000
1776259810590000000,SPY_DEMO_SYNTHETIC,500.023483,500.133483,26.000000,5.000000
1776259810600000000,SPY_DEMO_SYNTHETIC,500.023660,500.133660,27.000000,6.000000
1776259810610000000,SPY_DEMO_SYNTHETIC,500.023840,500.133840,28.000000,7.000000
1776259810620000000,SPY_DEMO_SYNTHETIC,500.024022,500.134022,29.000000,5.000000
1776259810630000000,SPY_DEMO_SYNTHETIC,500.024207,500.134207,30.000000,6.000000
1776259810640000000,SPY_DEMO_SYNTHETIC,500.024395,500.134395,24.000000,7.000000
1776259810650000000,SPY_DEMO_SYNTHETIC,500.024586,500.134586,25.000000,5.000000
1776259810660000000,SPY_DEMO_SYNTHETIC,500.024780,500.134780,26.000000,6.000000
1776259810670000000,SPY_DEMO_SYNTHETIC,500.024976,500.134976,27.000000,7.000000
1776259810680000000,SPY_DEMO_SYNTHETIC,500.025176,500.135176,28.000000,5.000000
1776259810690000000,SPY_DEMO_SYNTHETIC,500.025379,500.135379,29.000000,6.000000
1776259810700000000,SPY_DEMO_SYNTHETIC,500.025584,500.135584,30.000000,7.000000
1776259810710000000,SPY_DEMO_SYNTHETIC,500.025792,500.135792,24.000000,5.000000
1776259810720000000,SPY_DEMO_SYNTHETIC,500.026004,500.136004,25.000000,6.000000
1776259810730000000,SPY_DEMO_SYNTHETIC,500.026218,500.136218,26.000000,7.000000
1776259810740000000,SPY_DEMO_SYNTHETIC,500.026435,500.136435,27.000000,5.000000
1776259810750000000,SPY_DEMO_SYNTHETIC,500.026654,500.136654,28.000000,6.000000
1776259810760000000,SPY_DEMO_SYNTHETIC,500.026877,500.136877,29.000000,7.000000
1776259810770000000,SPY_DEMO_SYNTHETIC,500.027101,500.137101,30.000000,5.000000
1776259810780000000,SPY_DEMO_SYNTHETIC,500.027329,500.137329,24.000000,6.000000
1776259810790000000,SPY_DEMO_SYNTHETIC,500.027559,500.137559,25.000000,7.000000
1776259810800000000,SPY_DEMO_SYNTHETIC,500.027791,500.137791,26.000000,5.000000
1776259810810000000,SPY_DEMO_SYNTHETIC,500.028025,500.138025,27.000000,6.000000
1776259810820000000,SPY_DEMO_SYNTHETIC,500.028261,500.138261,28.000000,7.000000
1776259810830000000,SPY_DEMO_SYNTHETIC,500.028500,500.138500,29.000000,5.000000
1776259810840000000,SPY_DEMO_SYNTHETIC,500.028740,500.138740,30.000000,6.000000
1776259810850000000,SPY_DEMO_SYNTHETIC,500.028982,500.138982,24.000000,7.000000
1776259810860000000,SPY_DEMO_SYNTHETIC,500.029225,500.139225,25.000000,5.000000
1776259810870000000,SPY_DEMO_SYNTHETIC,500.029470,500.139470,26.000000,6.000000
1776259810880000000,SPY_DEMO_SYNTHETIC,500.029716,500.139716,27.000000,7.000000
1776259810890000000,SPY_DEMO_SYNTHETIC,500.029963,500.139963,28.000000,5.000000
1776259810900000000,SPY_DEMO_SYNTHETIC,500.030211,500.140211,29.000000,6.000000
1776259810910000000,SPY_DEMO_SYNTHETIC,500.030460,500.140460,30.000000,7.000000
1776259810920000000,SPY_DEMO_SYNTHETIC,500.030709,500.140709,24.000000,5.000000
1776259810930000000,SPY_DEMO_SYNTHETIC,500.030959,500.140959,25.000000,6.000000
1776259810940000000,SPY_DEMO_SYNTHETIC,500.031209,500.141209,26.000000,7.000000
1776259810950000000,SPY_DEMO_SYNTHETIC,500.031459,500.141459,27.000000,5.000000
1776259810960000000,SPY_DEMO_SYNTHETIC,500.031709,500.141709,28.000000,6.000000
1776259810970000000,SPY_DEMO_SYNTHETIC,500.031958,500.141958,29.000000,7.000000
1776259810980000000,SPY_DEMO_SYNTHETIC,500.032207,500.142207,30.000000,5.000000
1776259810990000000,SPY_DEMO_SYNTHETIC,500.032456,500.142456,24.000000,6.000000
1776259811000000000,SPY_DEMO_SYNTHETIC,500.032704,500.142704,25.000000,7.000000
1776259811010000000,SPY_DEMO_SYNTHETIC,500.032950,500.142950,26.000000,5.000000
1776259811020000000,SPY_DEMO_SYNTHETIC,500.033196,500.143196,27.000000,6.000000
1776259811030000000,SPY_DEMO_SYNTHETIC,500.033440,500.143440,28.000000,7.000000
1776259811040000000,SPY_DEMO_SYNTHETIC,500.033683,500.143683,29.000000,5.000000
1776259811050000000,SPY_DEMO_SYNTHETIC,500.033925,500.143925,30.000000,6.000000
1776259811060000000,SPY_DEMO_SYNTHETIC,500.034164,500.144164,24.000000,7.000000
1776259811070000000,SPY_DEMO_SYNTHETIC,500.034402,500.144402,25.000000,5.000000
1776259811080000000,SPY_DEMO_SYNTHETIC,500.034638,500.144638,26.000000,6.000000
1776259811090000000,SPY_DEMO_SYNTHETIC,500.034871,500.144871,27.000000,7.000000
1776259811100000000,SPY_DEMO_SYNTHETIC,500.035103,500.145103,28.000000,5.000000
1776259811110000000,SPY_DEMO_SYNTHETIC,500.035332,500.145332,29.000000,6.000000
1776259811120000000,SPY_DEMO_SYNTHETIC,500.035558,500.145558,30.000000,7.000000
1776259811130000000,SPY_DEMO_SYNTHETIC,500.035783,500.145783,24.000000,5.000000
1776259811140000000,SPY_DEMO_SYNTHETIC,500.036004,500.146004,25.000000,6.000000
1776259811150000000,SPY_DEMO_SYNTHETIC,500.036223,500.146223,26.000000,7.000000
1776259811160000000,SPY_DEMO_SYNTHETIC,500.036439,500.146439,27.000000,5.000000
1776259811170000000,SPY_DEMO_SYNTHETIC,500.036652,500.146652,28.000000,6.000000
1776259811180000000,SPY_DEMO_SYNTHETIC,500.036862,500.146862,29.000000,7.000000
1776259811190000000,SPY_DEMO_SYNTHETIC,500.037070,500.147070,30.000000,5.000000
1776259811200000000,SPY_DEMO_SYNTHETIC,500.037274,500.147274,24.000000,6.000000
1776259811210000000,SPY_DEMO_SYNTHETIC,500.037476,500.147476,25.000000,7.000000
1776259811220000000,SPY_DEMO_SYNTHETIC,500.037675,500.147675,26.000000,5.000000
1776259811230000000,SPY_DEMO_SYNTHETIC,500.037870,500.147870,27.000000,6.000000
1776259811240000000,SPY_DEMO_SYNTHETIC,500.038063,500.148063,28.000000,7.000000
1776259811250000000,SPY_DEMO_SYNTHETIC,500.038253,500.148253,29.000000,5.000000
1776259811260000000,SPY_DEMO_SYNTHETIC,500.038440,500.148440,30.000000,6.000000
1776259811270000000,SPY_DEMO_SYNTHETIC,500.038624,500.148624,24.000000,7.000000
1776259811280000000,SPY_DEMO_SYNTHETIC,500.038806,500.148806,25.000000,5.000000
1776259811290000000,SPY_DEMO_SYNTHETIC,500.038985,500.148985,26.000000,6.000000
1776259811300000000,SPY_DEMO_SYNTHETIC,500.039161,500.149161,27.000000,7.000000
1776259811310000000,SPY_DEMO_SYNTHETIC,500.039335,500.149335,28.000000,5.000000
1776259811320000000,SPY_DEMO_SYNTHETIC,500.039506,500.149506,29.000000,6.000000
1776259811330000000,SPY_DEMO_SYNTHETIC,500.039674,500.149674,30.000000,7.000000
1776259811340000000,SPY_DEMO_SYNTHETIC,500.039841,500.149841,24.000000,5.000000
1776259811350000000,SPY_DEMO_SYNTHETIC,500.040005,500.150005,25.000000,6.000000
1776259811360000000,SPY_DEMO_SYNTHETIC,500.040168,500.150168,26.000000,7.000000
1776259811370000000,SPY_DEMO_SYNTHETIC,500.040328,500.150328,27.000000,5.000000
1776259811380000000,SPY_DEMO_SYNTHETIC,500.040487,500.150487,28.000000,6.000000
1776259811390000000,SPY_DEMO_SYNTHETIC,500.040645,500.150645,29.000000,7.000000
1776259811400000000,SPY_DEMO_SYNTHETIC,500.040800,500.150800,30.000000,5.000000
1776259811410000000,SPY_DEMO_SYNTHETIC,500.040955,500.150955,24.000000,6.000000
1776259811420000000,SPY_DEMO_SYNTHETIC,500.041108,500.151108,25.000000,7.000000
1776259811430000000,SPY_DEMO_SYNTHETIC,500.041260,500.151260,26.000000,5.000000
1776259811440000000,SPY_DEMO_SYNTHETIC,500.041412,500.151412,27.000000,6.000000
1776259811450000000,SPY_DEMO_SYNTHETIC,500.041563,500.151563,28.000000,7.000000
1776259811460000000,SPY_DEMO_SYNTHETIC,500.041713,500.151713,29.000000,5.000000
1776259811470000000,SPY_DEMO_SYNTHETIC,500.041864,500.151864,30.000000,6.000000
1776259811480000000,SPY_DEMO_SYNTHETIC,500.042014,500.152014,24.000000,7.000000
1776259811490000000,SPY_DEMO_SYNTHETIC,500.042164,500.152164,25.000000,5.000000
1776259811500000000,SPY_DEMO_SYNTHETIC,500.042314,500.152314,26.000000,6.000000
1776259811510000000,SPY_DEMO_SYNTHETIC,500.042465,500.152465,27.000000,7.000000
1776259811520000000,SPY_DEMO_SYNTHETIC,500.042616,500.152616,28.000000,5.000000
1776259811530000000,SPY_DEMO_SYNTHETIC,500.042768,500.152768,29.000000,6.000000
1776259811540000000,SPY_DEMO_SYNTHETIC,500.042920,500.152920,30.000000,7.000000
1776259811550000000,SPY_DEMO_SYNTHETIC,500.043074,500.153074,24.000000,5.000000
1776259811560000000,SPY_DEMO_SYNTHETIC,500.043229,500.153229,25.000000,6.000000
1776259811570000000,SPY_DEMO_SYNTHETIC,500.043386,500.153386,26.000000,7.000000
1776259811580000000,SPY_DEMO_SYNTHETIC,500.043544,500.153544,27.000000,5.000000
1776259811590000000,SPY_DEMO_SYNTHETIC,500.043704,500.153704,28.000000,6.000000
1776259811600000000,SPY_DEMO_SYNTHETIC,500.043865,500.153865,29.000000,7.000000
1776259811610000000,SPY_DEMO_SYNTHETIC,500.044028,500.154028,30.000000,5.000000
1776259811620000000,SPY_DEMO_SYNTHETIC,500.044194,500.154194,24.000000,6.000000
1776259811630000000,SPY_DEMO_SYNTHETIC,500.044362,500.154362,25.000000,7.000000
1776259811640000000,SPY_DEMO_SYNTHETIC,500.044532,500.154532,26.000000,5.000000
1776259811650000000,SPY_DEMO_SYNTHETIC,500.044704,500.154704,27.000000,6.000000
1776259811660000000,SPY_DEMO_SYNTHETIC,500.044879,500.154879,28.000000,7.000000
1776259811670000000,SPY_DEMO_SYNTHETIC,500.045056,500.155056,29.000000,5.000000
1776259811680000000,SPY_DEMO_SYNTHETIC,500.045236,500.155236,30.000000,6.000000
1776259811690000000,SPY_DEMO_SYNTHETIC,500.045419,500.155419,24.000000,7.000000
1776259811700000000,SPY_DEMO_SYNTHETIC,500.045605,500.155605,25.000000,5.000000
1776259811710000000,SPY_DEMO_SYNTHETIC,500.045793,500.155793,26.000000,6.000000
1776259811720000000,SPY_DEMO_SYNTHETIC,500.045985,500.155985,27.000000,7.000000
1776259811730000000,SPY_DEMO_SYNTHETIC,500.046179,500.156179,28.000000,5.000000
1776259811740000000,SPY_DEMO_SYNTHETIC,500.046376,500.156376,29.000000,6.000000
1776259811750000000,SPY_DEMO_SYNTHETIC,500.046576,500.156576,30.000000,7.000000
1776259811760000000,SPY_DEMO_SYNTHETIC,500.046779,500.156779,24.000000,5.000000
1776259811770000000,SPY_DEMO_SYNTHETIC,500.046985,500.156985,25.000000,6.000000
1776259811780000000,SPY_DEMO_SYNTHETIC,500.047194,500.157194,26.000000,7.000000
1776259811790000000,SPY_DEMO_SYNTHETIC,500.047406,500.157406,27.000000,5.000000
1776259811800000000,SPY_DEMO_SYNTHETIC,500.047621,500.157621,28.000000,6.000000
1776259811810000000,SPY_DEMO_SYNTHETIC,500.047838,500.157838,29.000000,7.000000
1776259811820000000,SPY_DEMO_SYNTHETIC,500.048058,500.158058,30.000000,5.000000
1776259811830000000,SPY_DEMO_SYNTHETIC,500.048281,500.158281,24.000000,6.000000
1776259811840000000,SPY_DEMO_SYNTHETIC,500.048506,500.158506,25.000000,7.000000
1776259811850000000,SPY_DEMO_SYNTHETIC,500.048734,500.158734,26.000000,5.000000
1776259811860000000,SPY_DEMO_SYNTHETIC,500.048964,500.158964,27.000000,6.000000
1776259811870000000,SPY_DEMO_SYNTHETIC,500.049197,500.159197,28.000000,7.000000
1776259811880000000,SPY_DEMO_SYNTHETIC,500.049432,500.159432,29.000000,5.000000
1776259811890000000,SPY_DEMO_SYNTHETIC,500.049668,500.159668,30.000000,6.000000
1776259811900000000,SPY_DEMO_SYNTHETIC,500.049907,500.159907,24.000000,7.000000
1776259811910000000,SPY_DEMO_SYNTHETIC,500.050148,500.160148,25.000000,5.000000
1776259811920000000,SPY_DEMO_SYNTHETIC,500.050390,500.160390,26.000000,6.000000
1776259811930000000,SPY_DEMO_SYNTHETIC,500.050633,500.160633,27.000000,7.000000
1776259811940000000,SPY_DEMO_SYNTHETIC,500.050878,500.160878,28.000000,5.000000
1776259811950000000,SPY_DEMO_SYNTHETIC,500.051125,500.161125,29.000000,6.000000
1776259811960000000,SPY_DEMO_SYNTHETIC,500.051372,500.161372,30.000000,7.000000
1776259811970000000,SPY_DEMO_SYNTHETIC,500.051620,500.161620,24.000000,5.000000
1776259811980000000,SPY_DEMO_SYNTHETIC,500.051869,500.161869,25.000000,6.000000
1776259811990000000,SPY_DEMO_SYNTHETIC,500.052118,500.162118,26.000000,7.000000
1776259812000000000,SPY_DEMO_SYNTHETIC,500.052100,500.162100,12.000000,12.000000
1776259812010000000,SPY_DEMO_SYNTHETIC,500.052080,500.162080,13.000000,13.000000
1776259812020000000,SPY_DEMO_SYNTHETIC,500.052061,500.162061,14.000000,14.000000
1776259812030000000,SPY_DEMO_SYNTHETIC,500.052041,500.162041,15.000000,15.000000
1776259812040000000,SPY_DEMO_SYNTHETIC,500.052021,500.162021,12.000000,12.000000
1776259812050000000,SPY_DEMO_SYNTHETIC,500.052001,500.162001,13.000000,13.000000
1776259812060000000,SPY_DEMO_SYNTHETIC,500.051981,500.161981,14.000000,14.000000
1776259812070000000,SPY_DEMO_SYNTHETIC,500.051962,500.161962,15.000000,15.000000
1776259812080000000,SPY_DEMO_SYNTHETIC,500.051942,500.161942,12.000000,12.000000
1776259812090000000,SPY_DEMO_SYNTHETIC,500.051923,500.161923,13.000000,13.000000
1776259812100000000,SPY_DEMO_SYNTHETIC,500.051905,500.161905,14.000000,14.000000
1776259812110000000,SPY_DEMO_SYNTHETIC,500.051887,500.161887,15.000000,15.000000
1776259812120000000,SPY_DEMO_SYNTHETIC,500.051870,500.161870,12.000000,12.000000
1776259812130000000,SPY_DEMO_SYNTHETIC,500.051854,500.161854,13.000000,13.000000
1776259812140000000,SPY_DEMO_SYNTHETIC,500.051839,500.161839,14.000000,14.000000
1776259812150000000,SPY_DEMO_SYNTHETIC,500.051824,500.161824,15.000000,15.000000
1776259812160000000,SPY_DEMO_SYNTHETIC,500.051811,500.161811,12.000000,12.000000
1776259812170000000,SPY_DEMO_SYNTHETIC,500.051800,500.161800,13.000000,13.000000
1776259812180000000,SPY_DEMO_SYNTHETIC,500.051789,500.161789,14.000000,14.000000
1776259812190000000,SPY_DEMO_SYNTHETIC,500.051780,500.161780,15.000000,15.000000
1776259812200000000,SPY_DEMO_SYNTHETIC,500.051772,500.161772,12.000000,12.000000
1776259812210000000,SPY_DEMO_SYNTHETIC,500.051766,500.161766,13.000000,13.000000
1776259812220000000,SPY_DEMO_SYNTHETIC,500.051761,500.161761,14.000000,14.000000
1776259812230000000,SPY_DEMO_SYNTHETIC,500.051757,500.161757,15.000000,15.000000
1776259812240000000,SPY_DEMO_SYNTHETIC,500.051755,500.161755,12.000000,12.000000
1776259812250000000,SPY_DEMO_SYNTHETIC,500.051755,500.161755,13.000000,13.000000
1776259812260000000,SPY_DEMO_SYNTHETIC,500.051756,500.161756,14.000000,14.000000
1776259812270000000,SPY_DEMO_SYNTHETIC,500.051759,500.161759,15.000000,15.000000
1776259812280000000,SPY_DEMO_SYNTHETIC,500.051763,500.161763,12.000000,12.000000
